5080 6812
1056 731 1121 838 ιδ

339 973 348 1022 -’
376 941 580 1046 -Νειιιιε
609 939 748 1074 vagus
776 939 1006 1060 sinister,
1031 943 1115 1068 qui
1140 943 1195 1036 in
1211 939 1483 1037 'rentrienio
1513 959 1581 1038 est
1612 941 1843 1064 anterior,
1881 1025 1891 1042 .
1961 919 1964 930 ¹

328 1099 627 1194 nullomodo
648 1133 760 1194 cum
778 1101 920 1229 plexu
939 1100 1078 1194 solari
1098 1101 1443 1208 communicat,
1459 1099 1559 1216 sed,
1578 1098 1844 1196 seeundum

329 1279 631 1350 curvaturam
661 1258 897 1350 minorem
925 1255 1154 1384 migrans,
1186 1257 1238 1348 in
1266 1253 1629 1380 quatuordecim
1661 1233 1846 1372 circiter

331 1410 536 1506 finditur
567 1445 721 1508 ramos
753 1415 804 1506 in
834 1414 950 1506 facie
981 1414 1205 1506 anteriori
1236 1411 1383 1540 hujus
1410 1413 1570 1541 organi
1600 1405 1847 1520 decanea-1

331 1591 421 1682 tes,
452 1602 579 1693 quos
602 1557 821 1697 prosequi
846 1569 1045 1699 contigit
1076 1603 1226 1692 usque
1253 1602 1408 1663 versus
1430 1591 1732 1664 curvaturam
1756 1569 1846 1664 sto·=

330 1725 487 1819 machi
520 1727 813 1843 inferiorem,
840 1726 951 1843 ubi,
980 1725 1223 1820 tenerrimi
1254 1723 1385 1841 sacti,
1423 1727 1475 1820 in
1504 1725 1595 1819 tela
1623 1723 1845 1820 celluloaa

330 1859 545 1974 tunicam
590 1881 907 1975 muscularem
950 1916 1062 1975 cum
1106 1915 1297 1976 mucosa
1346 1905 1564 1976 nectente
1601 1891 1868 1976 evanuerei·

330 2031 473 2131 Haud
500 2039 710 2134 distincti
740 2039 918 2134 surculi
947 2042 1007 2131 ad
1030 2037 1172 2133 fibras
1204 2067 1394 2134 carneas
1418 2040 1544 2133 missi
1574 2038 1695 2132 mihi
1722 2039 1846 2132 ride-

329 2193 528 2313 bantur,
552 2198 589 2290 si
610 2199 809 2323 excipias
836 2196 1072 2325 regionem
1095 2197 1341 2290 insertioni
1366 2196 1597 2326 oesophagi
1616 2196 1846 2312 vicinam,

331 2350 416 2442 uhi
449 2343 701 2447 manifesto
740 2351 954 2446 ramulus
990 2384 1118 2468 unus
1155 2353 1206 2446 in
1242 2375 1389 2446 strato
1424 2349 1683 2447 finiebatur
1722 2382 1847 2445 mus-

330 2506 477 2600 culari
506 2509 566 2601 ad
591 2509 799 2603 cardiam
825 2493 1128 2637 superficiali
1224 2505 1227 2514 ’
1837 2521 1842 2530 “

402 2663 626 2787 Denique
652 2666 710 2759 de
732 2667 884 2759 nervis
903 2666 1244 2760 stomachicis
1231 2699 1283 2760 sn
1308 2696 1474 2796 genere
1499 2609 1845 2760 observandum

330 2842 419 2935 est,
454 2823 585 2947 quod
620 2825 967 2917 numerosiores
995 2824 1093 2916 sint
1123 2825 1175 2917 in
1202 2824 1356 2917 cardia
1386 2847 1530 2947 atque
1561 2817 1746 2952 regione
1766 2855 1847 2951 py

331 2975 500 3094 lorica,
531 2979 695 3073 minus
722 2980 961 3074 numerosi
991 2983 1044 3074 in
1079 2982 1236 3077 media
1267 2981 1400 3075 istius
1431 2980 1613 3075 visceris
1637 2979 1756 3074 sede.
1843 3049 1846 3056 1

337 3179 346 3190 ·
401 3141 441 3256 §.
475 3143 557 3230 33.
588 3133 737 3231 Nervi
759 3133 970 3268 heptatici
996 3138 1177 3264 duplici
1209 3140 1325 3232 serie
1350 3173 1375 3232 e
1400 3137 1542 3267 plexu
1563 3134 1701 3229 solari
1727 3163 1847 3264 egre·

331 3291 555 3410 diuntur,
589 3326 668 3410 ac,
703 3295 969 3389 secundum
1002 3291 1296 3409 Walterum,
1333 3297 1387 3390 in
1417 3296 1536 3388 duos
1567 3279 1712 3385 dividi
1743 3323 1846 3421 pos-

328 3471 443 3543 sunt
467 3449 632 3578 plexus
655 3452 987 3544 secundarios:
1010 3454 1300 3546 anteriorem
1325 3484 1504 3564 unum,
1528 3440 1845 3580 posteriorem

328 3601 546 3700 aiterum.

401 3763 575 3875 Prior,
603 3795 631 3854 a
659 3763 801 3892 plexu
830 3762 970 3858 solari
997 3787 1045 3857 et
1066 3764 1371 3892 potissimum
1393 3796 1419 3856 e
1447 3760 1632 3893 ganglio
1656 3757 1846 3856 semilu-

330 3917 432 4010 nari
452 3917 640 4011 sinistro
657 3940 706 4011 et
728 3953 860 4012 ramo
875 3921 1165 4014 stomachico
1185 3920 1347 4014 dextro
1365 3919 1618 4034 oriundus,
1640 3948 1752 4011 cum
1775 3948 1843 4009 ar·

331 4075 445 4167 teria
466 4072 680 4202 hepatiea
699 4075 924 4205 migrans,
943 4109 970 4169 e
989 4071 1169 4203 septem
1188 4075 1283 4168 sere
1304 4075 1448 4170 ramis
1464 4093 1648 4167 constat
1665 4072 1842 4188 crassis,

331 4233 568 4348 rotundis,
595 4233 818 4349 sortibus,
849 4232 1063 4350 rubellis,
1087 4234 1264 4360 quihus
1284 4234 1381 4330 duo
1408 4233 1468 4327 ad
1491 4255 1627 4326 trese
1656 4227 1841 4436 ganglia

328 4388 605 4483 semilunari
638 4390 800 4484 dextro
828 4388 1173 4569 adjunguntur

341 4545 684 4671 Priusquam
716 4546 767 4639 hi
802 4549 924 4642 rami
958 4549 1036 4642 ad
1049 4549 1197 4676 hepar
1228 4549 1516 4663 ascendunt,
1554 4545 1731 4640 arteriae
1763 4543 1841 4636 he
1939 4613 1942 4620 Α
2012 4547 2014 4554 ’

327 4702 491 4827 paticae
508 4706 696 4832 proprie
714 4706 849 4798 dictae
870 4705 1083 4825 comites,
1102 4706 1349 4802 fasciculus
1372 4739 1397 4799 e
1418 4705 1635 4831 quinque
1662 4722 1718 4795 ut
1736 4699 1841 4828 plu

329 4857 509 4951 simum
535 4862 678 4953 ramis
695 4864 984 4994 compositus
1005 4887 1151 4989 atque
1168 4898 1196 4960 e
1211 4864 1353 4992 plexu
1372 4862 1589 4992 hepatiea
1614 4857 1837 4952 anteriori

327 5013 608 5142 productus,
639 5051 752 5112 cum
779 5020 946 5114 arteria
968 5021 1393 5152 gastroduodenali
1426 5019 1608 5135 dextra,
1637 5017 1698 5110 ad
1723 5045 1843 5144 panr

328 5203 451 5264 ereas
474 5195 527 5267 et
557 5175 836 5270 duodenum
869 5179 1120 5274 descendit.

342 5387 348 5394 ·
398 5331 439 5435 E
470 5331 621 5426 nervis
655 5333 881 5462 hepaticis
898 5339 1101 5466 ,proprie
1138 5335 1277 5433 dietis
1305 5368 1475 5433 nervus
1502 5363 1629 5426 unus
1658 5330 1841 5458 conopia
