<?xml version="1.0" encoding="UTF-8"?>
<!DOCTYPE html PUBLIC "-//W3C//DTD XHTML 1.0 Transitional//EN"
    "http://www.w3.org/TR/xhtml1/DTD/xhtml1-transitional.dtd">
<html xmlns="http://www.w3.org/1999/xhtml" xml:lang="en" lang="en">
 <head>
  <title>
</title>
<meta http-equiv="Content-Type" content="text/html;charset=utf-8" />
  <meta name='ocr-system' content='tesseract 3.04.00' />
  <meta name='ocr-capabilities' content='ocr_page ocr_carea ocr_par ocr_line ocrx_word'/>
</head>
<body>
  <div class='ocr_page' id='page_1' title='image "./denervisympathe00lobsgoog_0023.png"; bbox 0 0 5080 6812; ppageno 0'>
   <div class='ocr_carea' id='block_1_1' title="bbox 531 583 2242 5316">
    <p class='ocr_par' dir='ltr' id='par_1_1' title="bbox 558 583 2188 2497">
     <span class='ocr_line' id='line_1_1' title="bbox 1411 583 1444 676; baseline 0 0"><span class='ocrx_word' id='word_1_1' title='bbox 1411 583 1444 676; x_wconf 88' lang='lat'><strong>6</strong></span> 
     </span>
     <span class='ocr_line' id='line_1_2' title="bbox 672 798 2182 931; baseline -0.007 -23"><span class='ocrx_word' id='word_1_2' title='bbox 672 806 911 908; x_wconf 83' lang='lat' dir='ltr'><strong>monuisse</strong></span> <span class='ocrx_word' id='word_1_3' title='bbox 936 802 1092 931; x_wconf 83' lang='lat' dir='ltr'><strong>juvat,</strong></span> <span class='ocrx_word' id='word_1_4' title='bbox 1125 803 1261 898; x_wconf 72' lang='lat' dir='ltr'><strong>,istud</strong></span> <span class='ocrx_word' id='word_1_5' title='bbox 1287 834 1376 930; x_wconf 87' lang='lat' dir='ltr'><strong>ope</strong></span> <span class='ocrx_word' id='word_1_6' title='bbox 1409 798 1510 900; x_wconf 84' lang='lat' dir='ltr'><strong>telae</strong></span> <span class='ocrx_word' id='word_1_7' title='bbox 1539 798 1767 894; x_wconf 85' lang='lat' dir='ltr'><strong>cellulosae</strong></span> <span class='ocrx_word' id='word_1_8' title='bbox 1795 799 2038 894; x_wconf 85' lang='lat' dir='ltr'><strong>strictioris</strong></span> <span class='ocrx_word' id='word_1_9' title='bbox 2069 834 2182 897; x_wconf 90' lang='lat' dir='ltr'><strong>cum</strong></span> 
     </span>
     <span class='ocr_line' id='line_1_3' title="bbox 673 958 2183 1091; baseline -0.003 -35"><span class='ocrx_word' id='word_1_10' title='bbox 673 995 816 1060; x_wconf 88' lang='lat' dir='ltr'><strong>nervo</strong></span> <span class='ocrx_word' id='word_1_11' title='bbox 844 993 955 1091; x_wconf 85' lang='lat' dir='ltr'><strong>vago</strong></span> <span class='ocrx_word' id='word_1_12' title='bbox 984 979 1129 1086; x_wconf 90' lang='lat' dir='ltr'><strong>atquc</strong></span> <span class='ocrx_word' id='word_1_13' title='bbox 1156 959 1432 1089; x_wconf 79' lang='lat' dir='ltr'><strong>hypoglosso</strong></span> <span class='ocrx_word' id='word_1_14' title='bbox 1460 958 1706 1074; x_wconf 81' lang='lat' dir='ltr'><strong>cohaerere,</strong></span> <span class='ocrx_word' id='word_1_15' title='bbox 1740 959 1917 1081; x_wconf 84' lang='lat' dir='ltr'><strong>absque</strong></span> <span class='ocrx_word' id='word_1_16' title='bbox 1943 989 2051 1052; x_wconf 83' lang='lat' dir='ltr'><strong>vero</strong></span> <span class='ocrx_word' id='word_1_17' title='bbox 2084 958 2183 1052; x_wconf 90' lang='lat' dir='ltr'><strong>ulla</strong></span> 
     </span>
     <span class='ocr_line' id='line_1_4' title="bbox 671 1116 2183 1248; baseline -0.003 -36"><span class='ocrx_word' id='word_1_18' title='bbox 671 1118 831 1248; x_wconf 88' lang='lat' dir='ltr'><strong>pulpae</strong></span> <span class='ocrx_word' id='word_1_19' title='bbox 876 1149 1053 1214; x_wconf 86' lang='lat' dir='ltr'><strong>nerveae</strong></span> <span class='ocrx_word' id='word_1_20' title='bbox 1095 1117 1338 1216; x_wconf 87' lang='lat' dir='ltr'><strong>mixtione.</strong></span> <span class='ocrx_word' id='word_1_21' title='bbox 1406 1116 1520 1214; x_wconf 90' lang='lat' dir='ltr'><strong>Duo</strong></span> <span class='ocrx_word' id='word_1_22' title='bbox 1564 1116 1750 1216; x_wconf 85' lang='lat' dir='ltr'><strong>deinde</strong></span> <span class='ocrx_word' id='word_1_23' title='bbox 1778 1116 1830 1206; x_wconf 93' lang='lat' dir='ltr'><strong>in</strong></span> <span class='ocrx_word' id='word_1_24' title='bbox 1878 1137 2183 1242; x_wconf 86' lang='lat' dir='ltr'><strong>conspectum</strong></span> 
     </span>
     <span class='ocr_line' id='line_1_5' title="bbox 672 1270 2185 1404; baseline -0.005 -34"><span class='ocrx_word' id='word_1_25' title='bbox 672 1275 878 1370; x_wconf 80' lang='lat' dir='ltr'><strong>veniunt</strong></span> <span class='ocrx_word' id='word_1_26' title='bbox 908 1275 1053 1404; x_wconf 89' lang='lat' dir='ltr'><strong>rami,</strong></span> <span class='ocrx_word' id='word_1_27' title='bbox 1079 1273 1176 1371; x_wconf 90' lang='lat' dir='ltr'><strong>albi</strong></span> <span class='ocrx_word' id='word_1_28' title='bbox 1208 1296 1352 1398; x_wconf 87' lang='lat' dir='ltr'><strong>atque</strong></span> <span class='ocrx_word' id='word_1_29' title='bbox 1381 1270 1532 1390; x_wconf 91' lang='lat' dir='ltr'><strong>firmi,</strong></span> <span class='ocrx_word' id='word_1_30' title='bbox 1564 1294 1822 1367; x_wconf 87' lang='lat' dir='ltr'><strong>transverso</strong></span> <span class='ocrx_word' id='word_1_31' title='bbox 1849 1271 1994 1365; x_wconf 94' lang='lat' dir='ltr'><strong>modo</strong></span> <span class='ocrx_word' id='word_1_32' title='bbox 2023 1271 2185 1400; x_wconf 91' lang='lat' dir='ltr'><strong>positi,</strong></span> 
     </span>
     <span class='ocr_line' id='line_1_6' title="bbox 673 1427 2187 1559; baseline -0.003 -33"><span class='ocrx_word' id='word_1_33' title='bbox 673 1431 735 1532; x_wconf 81' lang='lat' dir='ltr'><strong>ab</strong></span> <span class='ocrx_word' id='word_1_34' title='bbox 761 1463 874 1526; x_wconf 90' lang='lat' dir='ltr'><strong>ansa</strong></span> <span class='ocrx_word' id='word_1_35' title='bbox 906 1463 1097 1526; x_wconf 82' lang='lat' dir='ltr'><strong>nervosa</strong></span> <span class='ocrx_word' id='word_1_36' title='bbox 1123 1431 1269 1559; x_wconf 87' lang='lat' dir='ltr'><strong>primi</strong></span> <span class='ocrx_word' id='word_1_37' title='bbox 1297 1464 1352 1524; x_wconf 89' lang='lat' dir='ltr'><strong>ac</strong></span> <span class='ocrx_word' id='word_1_38' title='bbox 1376 1427 1571 1524; x_wconf 88' lang='lat' dir='ltr'><strong>secundi</strong></span> <span class='ocrx_word' id='word_1_39' title='bbox 1604 1431 1728 1557; x_wconf 90' lang='lat' dir='ltr'><strong>paris</strong></span> <span class='ocrx_word' id='word_1_40' title='bbox 1757 1427 2055 1522; x_wconf 86' lang='lat' dir='ltr'><strong>cervicalium</strong></span> <span class='ocrx_word' id='word_1_41' title='bbox 2082 1459 2187 1556; x_wconf 92' lang='lat' dir='ltr'><strong>pro-</strong></span> 
     </span>
     <span class='ocr_line' id='line_1_7' title="bbox 674 1585 2187 1717; baseline -0.005 -31"><span class='ocrx_word' id='word_1_42' title='bbox 674 1590 794 1686; x_wconf 80' lang='lat' dir='ltr'><strong>fecti.</strong></span> <span class='ocrx_word' id='word_1_43' title='bbox 826 1588 1012 1687; x_wconf 85' lang='lat' dir='ltr'><strong>Tertius</strong></span> <span class='ocrx_word' id='word_1_44' title='bbox 1038 1586 1334 1687; x_wconf 86' lang='lat' dir='ltr'><strong>ramusculus</strong></span> <span class='ocrx_word' id='word_1_45' title='bbox 1356 1587 1541 1717; x_wconf 83' lang='lat' dir='ltr'><strong>longior</strong></span> <span class='ocrx_word' id='word_1_46' title='bbox 1567 1609 1712 1712; x_wconf 89' lang='lat' dir='ltr'><strong>atque</strong></span> <span class='ocrx_word' id='word_1_47' title='bbox 1733 1585 1966 1716; x_wconf 85' lang='lat' dir='ltr'><strong>gracilior,</strong></span> <span class='ocrx_word' id='word_1_48' title='bbox 1996 1607 2044 1679; x_wconf 91' lang='lat' dir='ltr'><strong>et</strong></span> <span class='ocrx_word' id='word_1_49' title='bbox 2071 1586 2187 1681; x_wconf 91' lang='lat' dir='ltr'><strong>obli-</strong></span> 
     </span>
     <span class='ocr_line' id='line_1_8' title="bbox 676 1741 2187 1874; baseline -0.005 -32"><span class='ocrx_word' id='word_1_50' title='bbox 676 1777 770 1869; x_wconf 80' lang='lat' dir='ltr'><strong>que</strong></span> <span class='ocrx_word' id='word_1_51' title='bbox 802 1745 1108 1860; x_wconf 89' lang='lat' dir='ltr'><strong>descendens,</strong></span> <span class='ocrx_word' id='word_1_52' title='bbox 1150 1744 1371 1874; x_wconf 89' lang='lat' dir='ltr'><strong>ganglion</strong></span> <span class='ocrx_word' id='word_1_53' title='bbox 1405 1743 1577 1839; x_wconf 83' lang='lat' dir='ltr'><strong>olivaro</strong></span> <span class='ocrx_word' id='word_1_54' title='bbox 1608 1777 1742 1836; x_wconf 90' lang='lat' dir='ltr'><strong>ramo</strong></span> <span class='ocrx_word' id='word_1_55' title='bbox 1779 1741 2003 1836; x_wconf 87' lang='lat' dir='ltr'><strong>anteriori</strong></span> <span class='ocrx_word' id='word_1_56' title='bbox 2041 1764 2187 1867; x_wconf 86' lang='lat' dir='ltr'><strong>atque</strong></span> 
     </span>
     <span class='ocr_line' id='line_1_9' title="bbox 675 1899 2188 2026; baseline -0.002 -32"><span class='ocrx_word' id='word_1_57' title='bbox 675 1901 976 1994; x_wconf 83' lang='lat' dir='ltr'><strong>descendenti</strong></span> <span class='ocrx_word' id='word_1_58' title='bbox 1003 1901 1195 1993; x_wconf 91' lang='lat' dir='ltr'><strong>secundi</strong></span> <span class='ocrx_word' id='word_1_59' title='bbox 1216 1901 1342 2026; x_wconf 91' lang='lat' dir='ltr'><strong>paris</strong></span> <span class='ocrx_word' id='word_1_60' title='bbox 1369 1901 1620 1993; x_wconf 85' lang='lat' dir='ltr'><strong>connectit</strong></span> <span class='ocrx_word' id='word_1_61' title='bbox 1661 1899 1874 2018; x_wconf 89' lang='lat' dir='ltr'><strong>Quartus</strong></span> <span class='ocrx_word' id='word_1_62' title='bbox 1897 1900 2070 1991; x_wconf 89' lang='lat' dir='ltr'><strong>iterum</strong></span> <span class='ocrx_word' id='word_1_63' title='bbox 2091 1930 2188 2026; x_wconf 89' lang='lat' dir='ltr'><strong>gra-</strong></span> 
     </span>
     <span class='ocr_line' id='line_1_10' title="bbox 558 2053 2185 2183; baseline -0.001 -35"><span class='ocrx_word' id='word_1_64' title='bbox 558 2089 560 2096; x_wconf 48' lang='lat'><em>*</em></span> <span class='ocrx_word' id='word_1_65' title='bbox 676 2056 810 2158; x_wconf 91' lang='lat' dir='ltr'><strong>cilior</strong></span> <span class='ocrx_word' id='word_1_66' title='bbox 848 2088 903 2147; x_wconf 92' lang='lat' dir='ltr'><strong>ac</strong></span> <span class='ocrx_word' id='word_1_67' title='bbox 943 2054 1150 2183; x_wconf 84' lang='lat' dir='ltr'><strong>longior,</strong></span> <span class='ocrx_word' id='word_1_68' title='bbox 1192 2054 1392 2149; x_wconf 85' lang='lat' dir='ltr'><strong>surculis</strong></span> <span class='ocrx_word' id='word_1_69' title='bbox 1430 2055 1617 2180; x_wconf 89' lang='lat' dir='ltr'><strong>aliquot</strong></span> <span class='ocrx_word' id='word_1_70' title='bbox 1659 2055 1925 2150; x_wconf 85' lang='lat' dir='ltr'><strong>tenerrimis</strong></span> <span class='ocrx_word' id='word_1_71' title='bbox 1967 2053 2088 2148; x_wconf 90' lang='lat' dir='ltr'><strong>datis</strong></span> <span class='ocrx_word' id='word_1_72' title='bbox 2124 2056 2185 2147; x_wconf 91' lang='lat' dir='ltr'><strong>ad</strong></span> 
     </span>
     <span class='ocr_line' id='line_1_11' title="bbox 675 2211 2188 2340; baseline -0.004 -32"><span class='ocrx_word' id='word_1_73' title='bbox 675 2212 1163 2317; x_wconf 85' lang='lat' dir='ltr'><strong>musculumrectum</strong></span> <span class='ocrx_word' id='word_1_74' title='bbox 1190 2211 1408 2312; x_wconf 88' lang='lat' dir='ltr'><strong>anticum</strong></span> <span class='ocrx_word' id='word_1_75' title='bbox 1442 2215 1607 2340; x_wconf 91' lang='lat' dir='ltr'><strong>capitis</strong></span> <span class='ocrx_word' id='word_1_76' title='bbox 1638 2213 1890 2340; x_wconf 86' lang='lat' dir='ltr'><strong>majorem,</strong></span> <span class='ocrx_word' id='word_1_77' title='bbox 1926 2211 2065 2306; x_wconf 89' lang='lat' dir='ltr'><strong>tertio</strong></span> <span class='ocrx_word' id='word_1_78' title='bbox 2097 2243 2188 2302; x_wconf 87' lang='lat' dir='ltr'><strong>cer-</strong></span> 
     </span>
     <span class='ocr_line' id='line_1_12' title="bbox 673 2368 1462 2497; baseline -0.004 -34"><span class='ocrx_word' id='word_1_79' title='bbox 673 2369 897 2464; x_wconf 83' lang='lat' dir='ltr'><strong>vicalium</strong></span> <span class='ocrx_word' id='word_1_80' title='bbox 933 2399 1075 2462; x_wconf 82' lang='lat' dir='ltr'><strong>nervo</strong></span> <span class='ocrx_word' id='word_1_81' title='bbox 1106 2401 1200 2462; x_wconf 88' lang='lat' dir='ltr'><strong>sese</strong></span> <span class='ocrx_word' id='word_1_82' title='bbox 1232 2368 1462 2497; x_wconf 88' lang='lat' dir='ltr'><strong>adjungit.</strong></span> 
     </span>
    </p>

    <p class='ocr_par' dir='ltr' id='par_1_2' title="bbox 672 2523 2242 3430">
     <span class='ocr_line' id='line_1_13' title="bbox 688 2523 2185 2653; baseline -0.007 -29"><span class='ocrx_word' id='word_1_83' title='bbox 688 2536 694 2544; x_wconf 79' lang='grc'><em>’</em></span> <span class='ocrx_word' id='word_1_84' title='bbox 746 2527 902 2624; x_wconf 81' lang='lat' dir='ltr'><strong>Nexus</strong></span> <span class='ocrx_word' id='word_1_85' title='bbox 938 2525 1080 2652; x_wconf 92' lang='lat' dir='ltr'><strong>igitur</strong></span> <span class='ocrx_word' id='word_1_86' title='bbox 1113 2523 1267 2616; x_wconf 86' lang='lat' dir='ltr'><strong>existit</strong></span> <span class='ocrx_word' id='word_1_87' title='bbox 1303 2525 1429 2616; x_wconf 90' lang='lat' dir='ltr'><strong>inter</strong></span> <span class='ocrx_word' id='word_1_88' title='bbox 1465 2524 1686 2653; x_wconf 90' lang='lat' dir='ltr'><strong>ganglion</strong></span> <span class='ocrx_word' id='word_1_89' title='bbox 1718 2524 1936 2618; x_wconf 87' lang='lat' dir='ltr'><strong>cervicale</strong></span> <span class='ocrx_word' id='word_1_90' title='bbox 1971 2525 2185 2652; x_wconf 90' lang='lat' dir='ltr'><strong>primum</strong></span> 
     </span>
     <span class='ocr_line' id='line_1_14' title="bbox 673 2677 2187 2806; baseline -0.006 -27"><span class='ocrx_word' id='word_1_91' title='bbox 673 2700 720 2780; x_wconf 84' lang='lat' dir='ltr'><strong>ct</strong></span> <span class='ocrx_word' id='word_1_92' title='bbox 743 2703 835 2774; x_wconf 86' lang='lat' dir='ltr'><strong>tros</strong></span> <span class='ocrx_word' id='word_1_93' title='bbox 862 2711 1027 2771; x_wconf 88' lang='lat' dir='ltr'><strong>nervos</strong></span> <span class='ocrx_word' id='word_1_94' title='bbox 1058 2677 1298 2774; x_wconf 83' lang='lat' dir='ltr'><strong>cervicales</strong></span> <span class='ocrx_word' id='word_1_95' title='bbox 1323 2681 1601 2806; x_wconf 89' lang='lat' dir='ltr'><strong>superiores,</strong></span> <span class='ocrx_word' id='word_1_96' title='bbox 1629 2681 1951 2776; x_wconf 89' lang='lat' dir='ltr'><strong>mediantibus</strong></span> <span class='ocrx_word' id='word_1_97' title='bbox 1978 2702 2187 2805; x_wconf 90' lang='lat' dir='ltr'><strong>quatuor</strong></span> 
     </span>
     <span class='ocr_line' id='line_1_15' title="bbox 672 2835 1688 2954; baseline -0.011 -22"><span class='ocrx_word' id='word_1_98' title='bbox 672 2838 816 2932; x_wconf 92' lang='lat' dir='ltr'><strong>ramis</strong></span> <span class='ocrx_word' id='word_1_99' title='bbox 845 2835 1208 2928; x_wconf 89' lang='lat' dir='ltr'><strong>anastomoticis.</strong></span> <span class='ocrx_word' id='word_1_100' title='bbox 1346 2931 1349 2938; x_wconf 58' lang='grc'><strong>,</strong></span> <span class='ocrx_word' id='word_1_101' title='bbox 1682 2941 1688 2954; x_wconf 27' lang='lat'>⁸</span> 
     </span>
     <span class='ocr_line' id='line_1_16' title="bbox 672 2990 2187 3121; baseline -0.006 -29"><span class='ocrx_word' id='word_1_102' title='bbox 672 3025 695 3098; x_wconf 77' lang='grc'><strong>’;</strong></span> <span class='ocrx_word' id='word_1_103' title='bbox 743 2998 783 3114; x_wconf 68' lang='lat' dir='ltr'><strong>l.</strong></span> <span class='ocrx_word' id='word_1_104' title='bbox 804 2991 849 3092; x_wconf 82' lang='grc'><strong>8.</strong></span> <span class='ocrx_word' id='word_1_105' title='bbox 877 2993 948 3085; x_wconf 88' lang='lat' dir='ltr'><strong>Ex</strong></span> <span class='ocrx_word' id='word_1_106' title='bbox 965 2990 1137 3085; x_wconf 91' lang='lat' dir='ltr'><strong>eodem</strong></span> <span class='ocrx_word' id='word_1_107' title='bbox 1155 2990 1359 3120; x_wconf 90' lang='lat' dir='ltr'><strong>ganglio‚</strong></span> <span class='ocrx_word' id='word_1_108' title='bbox 1377 3012 1544 3120; x_wconf 82' lang='lat' dir='ltr'><strong>praeter</strong></span> <span class='ocrx_word' id='word_1_109' title='bbox 1560 2990 1699 3087; x_wconf 89' lang='lat' dir='ltr'><strong>filum</strong></span> <span class='ocrx_word' id='word_1_110' title='bbox 1719 2991 1779 3086; x_wconf 87' lang='lat' dir='ltr'><strong>ad</strong></span> <span class='ocrx_word' id='word_1_111' title='bbox 1799 3015 2106 3121; x_wconf 81' lang='lat' dir='ltr'><strong>tympanum,</strong></span> <span class='ocrx_word' id='word_1_112' title='bbox 2128 2991 2187 3083; x_wconf 86' lang='lat' dir='ltr'><strong>de</strong></span> 
     </span>
     <span class='ocr_line' id='line_1_17' title="bbox 673 3139 2242 3277; baseline -0.002 -36"><span class='ocrx_word' id='word_1_113' title='bbox 673 3182 771 3274; x_wconf 91' lang='lat' dir='ltr'><strong>quo</strong></span> <span class='ocrx_word' id='word_1_114' title='bbox 803 3147 1092 3244; x_wconf 85' lang='lat' dir='ltr'><strong>insecundo</strong></span> <span class='ocrx_word' id='word_1_115' title='bbox 1125 3149 1275 3275; x_wconf 88' lang='lat' dir='ltr'><strong>capite</strong></span> <span class='ocrx_word' id='word_1_116' title='bbox 1304 3148 1453 3242; x_wconf 83' lang='lat' dir='ltr'><strong>fusius</strong></span> <span class='ocrx_word' id='word_1_117' title='bbox 1485 3172 1667 3277; x_wconf 88' lang='lat' dir='ltr'><strong>agetur,</strong></span> <span class='ocrx_word' id='word_1_118' title='bbox 1693 3152 1814 3244; x_wconf 90' lang='lat' dir='ltr'><strong>rami</strong></span> <span class='ocrx_word' id='word_1_119' title='bbox 1848 3167 2096 3277; x_wconf 89' lang='lat' dir='ltr'><strong>emergunt</strong></span> <span class='ocrx_word' id='word_1_120' title='bbox 2122 3179 2186 3239; x_wconf 89' lang='lat' dir='ltr'><strong>se-</strong></span> <span class='ocrx_word' id='word_1_121' title='bbox 2239 3139 2242 3150; x_wconf 75' lang='grc'><strong>’</strong></span> 
     </span>
     <span class='ocr_line' id='line_1_18' title="bbox 672 3323 1337 3430; baseline 0 -32"><span class='ocrx_word' id='word_1_122' title='bbox 672 3323 882 3430; x_wconf 88' lang='lat' dir='ltr'><strong>quentes.</strong></span> <span class='ocrx_word' id='word_1_123' title='bbox 1333 3327 1337 3333; x_wconf 83' lang='lat'>&#39;</span> 
     </span>
    </p>

    <p class='ocr_par' dir='ltr' id='par_1_3' title="bbox 531 3458 2188 4030">
     <span class='ocr_line' id='line_1_19' title="bbox 684 3458 2185 3588; baseline 0 -34"><span class='ocrx_word' id='word_1_124' title='bbox 684 3515 692 3564; x_wconf 79' lang='grc'><strong>.·</strong></span> <span class='ocrx_word' id='word_1_125' title='bbox 743 3460 942 3554; x_wconf 84' lang='lat' dir='ltr'><strong>Primus</strong></span> <span class='ocrx_word' id='word_1_126' title='bbox 961 3461 1045 3583; x_wconf 93' lang='lat' dir='ltr'><strong>qui</strong></span> <span class='ocrx_word' id='word_1_127' title='bbox 1071 3461 1360 3588; x_wconf 82' lang='lat' dir='ltr'><strong>conspicitur</strong></span> <span class='ocrx_word' id='word_1_128' title='bbox 1377 3491 1544 3554; x_wconf 84' lang='lat' dir='ltr'><strong>ramus</strong></span> <span class='ocrx_word' id='word_1_129' title='bbox 1560 3461 1703 3562; x_wconf 87' lang='lat' dir='ltr'><strong>ruber</strong></span> <span class='ocrx_word' id='word_1_130' title='bbox 1729 3483 1797 3556; x_wconf 88' lang='lat' dir='ltr'><strong>est</strong></span> <span class='ocrx_word' id='word_1_131' title='bbox 1822 3484 1966 3587; x_wconf 89' lang='lat' dir='ltr'><strong>atque</strong></span> <span class='ocrx_word' id='word_1_132' title='bbox 1993 3458 2185 3570; x_wconf 85' lang='lat' dir='ltr'><strong>firmus;</strong></span> 
     </span>
     <span class='ocr_line' id='line_1_20' title="bbox 673 3617 2188 3743; baseline -0.003 -30"><span class='ocrx_word' id='word_1_133' title='bbox 673 3651 861 3713; x_wconf 86' lang='lat' dir='ltr'><strong>sursum</strong></span> <span class='ocrx_word' id='word_1_134' title='bbox 888 3617 967 3709; x_wconf 88' lang='lat' dir='ltr'><strong>ille</strong></span> <span class='ocrx_word' id='word_1_135' title='bbox 995 3618 1237 3711; x_wconf 90' lang='lat' dir='ltr'><strong>adscendit</strong></span> <span class='ocrx_word' id='word_1_136' title='bbox 1259 3641 1404 3743; x_wconf 92' lang='lat' dir='ltr'><strong>atque</strong></span> <span class='ocrx_word' id='word_1_137' title='bbox 1431 3620 1482 3710; x_wconf 94' lang='lat' dir='ltr'><strong>in</strong></span> <span class='ocrx_word' id='word_1_138' title='bbox 1506 3642 1720 3714; x_wconf 85' lang='lat' dir='ltr'><strong>ventrem</strong></span> <span class='ocrx_word' id='word_1_139' title='bbox 1745 3619 1949 3714; x_wconf 93' lang='lat' dir='ltr'><strong>musculi</strong></span> <span class='ocrx_word' id='word_1_140' title='bbox 1974 3617 2086 3713; x_wconf 87' lang='lat' dir='ltr'><strong>recti</strong></span> <span class='ocrx_word' id='word_1_141' title='bbox 2117 3651 2188 3709; x_wconf 90' lang='lat' dir='ltr'><strong>ca·</strong></span> 
     </span>
     <span class='ocr_line' id='line_1_21' title="bbox 531 3761 2184 3904; baseline 0.003 -37"><span class='ocrx_word' id='word_1_142' title='bbox 531 3761 536 3776; x_wconf 73' lang='grc'><strong><em>’</em></strong></span> <span class='ocrx_word' id='word_1_143' title='bbox 672 3773 958 3902; x_wconf 85' lang='lat' dir='ltr'><strong>pitisantici</strong></span> <span class='ocrx_word' id='word_1_144' title='bbox 983 3773 1191 3900; x_wconf 88' lang='lat' dir='ltr'><strong>majoris,</strong></span> <span class='ocrx_word' id='word_1_145' title='bbox 1224 3806 1419 3898; x_wconf 45' lang='lat' dir='ltr'><strong>quem-,a</strong></span> <span class='ocrx_word' id='word_1_146' title='bbox 1441 3775 1556 3867; x_wconf 85' lang='lat' dir='ltr'><strong>facie</strong></span> <span class='ocrx_word' id='word_1_147' title='bbox 1582 3775 1682 3902; x_wconf 88' lang='lat' dir='ltr'><strong>ejus</strong></span> <span class='ocrx_word' id='word_1_148' title='bbox 1703 3776 1922 3869; x_wconf 77' lang='lat' dir='ltr'><strong>inferiore</strong></span> <span class='ocrx_word' id='word_1_149' title='bbox 1951 3774 2184 3904; x_wconf 77' lang='lat' dir='ltr'><strong>perforat,</strong></span> 
     </span>
     <span class='ocr_line' id='line_1_22' title="bbox 675 3951 966 4030; baseline -0.041 1"><span class='ocrx_word' id='word_1_150' title='bbox 675 3951 966 4030; x_wconf 74' lang='lat' dir='ltr'><strong>immittitur.</strong></span> 
     </span>
    </p>

    <p class='ocr_par' dir='ltr' id='par_1_4' title="bbox 676 4080 2187 5003">
     <span class='ocr_line' id='line_1_23' title="bbox 747 4080 2183 4218; baseline -0.001 -38"><span class='ocrx_word' id='word_1_151' title='bbox 747 4080 989 4180; x_wconf 82' lang='lat' dir='ltr'><strong>Secundus</strong></span> <span class='ocrx_word' id='word_1_152' title='bbox 1018 4117 1203 4198; x_wconf 74' lang='lat' dir='ltr'><strong>ramur,</strong></span> <span class='ocrx_word' id='word_1_153' title='bbox 1229 4087 1405 4214; x_wconf 87' lang='lat' dir='ltr'><strong>pariter</strong></span> <span class='ocrx_word' id='word_1_154' title='bbox 1424 4086 1582 4202; x_wconf 89' lang='lat' dir='ltr'><strong>ruber,</strong></span> <span class='ocrx_word' id='word_1_155' title='bbox 1612 4089 1671 4180; x_wconf 91' lang='lat' dir='ltr'><strong>ad</strong></span> <span class='ocrx_word' id='word_1_156' title='bbox 1700 4087 1990 4218; x_wconf 86' lang='lat' dir='ltr'><strong>pharyngem</strong></span> <span class='ocrx_word' id='word_1_157' title='bbox 2018 4087 2183 4182; x_wconf 90' lang='lat' dir='ltr'><strong>tendit.</strong></span> 
     </span>
     <span class='ocr_line' id='line_1_24' title="bbox 676 4240 2186 4377; baseline 0.002 -41"><span class='ocrx_word' id='word_1_158' title='bbox 676 4243 720 4348; x_wconf 91' lang='lat' dir='ltr'><strong>Is</strong></span> <span class='ocrx_word' id='word_1_159' title='bbox 752 4243 803 4335; x_wconf 95' lang='lat' dir='ltr'><strong>in</strong></span> <span class='ocrx_word' id='word_1_160' title='bbox 836 4265 927 4336; x_wconf 90' lang='lat' dir='ltr'><strong>tres</strong></span> <span class='ocrx_word' id='word_1_161' title='bbox 960 4243 1172 4338; x_wconf 88' lang='lat' dir='ltr'><strong>surculos</strong></span> <span class='ocrx_word' id='word_1_162' title='bbox 1204 4240 1429 4356; x_wconf 82' lang='lat' dir='ltr'><strong>finditur,</strong></span> <span class='ocrx_word' id='word_1_163' title='bbox 1465 4248 1548 4371; x_wconf 92' lang='lat' dir='ltr'><strong>qui</strong></span> <span class='ocrx_word' id='word_1_164' title='bbox 1585 4245 1803 4340; x_wconf 90' lang='lat' dir='ltr'><strong>musculo</strong></span> <span class='ocrx_word' id='word_1_165' title='bbox 1832 4246 2186 4377; x_wconf 80' lang='lat' dir='ltr'><strong>salpyngopha·</strong></span> 
     </span>
     <span class='ocr_line' id='line_1_25' title="bbox 676 4385 2187 4534; baseline 0.001 -40"><span class='ocrx_word' id='word_1_166' title='bbox 676 4431 846 4530; x_wconf 85' lang='lat' dir='ltr'><strong>ryngeo</strong></span> <span class='ocrx_word' id='word_1_167' title='bbox 880 4400 1201 4528; x_wconf 89' lang='lat' dir='ltr'><strong>prospiciunt,</strong></span> <span class='ocrx_word' id='word_1_168' title='bbox 1234 4404 1313 4496; x_wconf 91' lang='lat' dir='ltr'><strong>sed</strong></span> <span class='ocrx_word' id='word_1_169' title='bbox 1343 4404 1476 4532; x_wconf 87' lang='lat' dir='ltr'><strong>prius</strong></span> <span class='ocrx_word' id='word_1_170' title='bbox 1505 4403 1880 4498; x_wconf 90' lang='lat' dir='ltr'><strong>anastomosibus</strong></span> <span class='ocrx_word' id='word_1_171' title='bbox 1913 4385 2187 4534; x_wconf 86' lang='lat' dir='ltr'><strong>junguntur</strong></span> 
     </span>
     <span class='ocr_line' id='line_1_26' title="bbox 676 4556 2185 4692; baseline 0.001 -43"><span class='ocrx_word' id='word_1_172' title='bbox 676 4590 788 4651; x_wconf 90' lang='lat' dir='ltr'><strong>cum</strong></span> <span class='ocrx_word' id='word_1_173' title='bbox 817 4556 961 4652; x_wconf 91' lang='lat' dir='ltr'><strong>ramis</strong></span> <span class='ocrx_word' id='word_1_174' title='bbox 992 4557 1122 4650; x_wconf 87' lang='lat' dir='ltr'><strong>nervi</strong></span> <span class='ocrx_word' id='word_1_175' title='bbox 1149 4557 1568 4692; x_wconf 86' lang='lat' dir='ltr'><strong>glosso-pharyngei</strong></span> <span class='ocrx_word' id='word_1_176' title='bbox 1597 4583 1741 4685; x_wconf 90' lang='lat' dir='ltr'><strong>atque</strong></span> <span class='ocrx_word' id='word_1_177' title='bbox 1767 4561 1897 4653; x_wconf 88' lang='lat' dir='ltr'><strong>nervi</strong></span> <span class='ocrx_word' id='word_1_178' title='bbox 1927 4561 2185 4690; x_wconf 84' lang='lat' dir='ltr'><strong>pharyngei</strong></span> 
     </span>
     <span class='ocr_line' id='line_1_27' title="bbox 677 4709 2186 4844; baseline -0.003 -31"><span class='ocrx_word' id='word_1_179' title='bbox 677 4713 825 4813; x_wconf 86' lang='lat' dir='ltr'><strong>octavi</strong></span> <span class='ocrx_word' id='word_1_180' title='bbox 844 4709 981 4841; x_wconf 87' lang='lat' dir='ltr'><strong>paris.</strong></span> <span class='ocrx_word' id='word_1_181' title='bbox 1008 4713 1231 4808; x_wconf 86' lang='lat' dir='ltr'><strong>Exoritur</strong></span> <span class='ocrx_word' id='word_1_182' title='bbox 1254 4716 1367 4811; x_wconf 89' lang='lat' dir='ltr'><strong>inde</strong></span> <span class='ocrx_word' id='word_1_183' title='bbox 1391 4716 1624 4844; x_wconf 84' lang='lat' dir='ltr'><strong>plexus,e</strong></span> <span class='ocrx_word' id='word_1_184' title='bbox 1651 4749 1747 4841; x_wconf 93' lang='lat' dir='ltr'><strong>quo</strong></span> <span class='ocrx_word' id='word_1_185' title='bbox 1766 4717 1943 4810; x_wconf 90' lang='lat' dir='ltr'><strong>surculi</strong></span> <span class='ocrx_word' id='word_1_186' title='bbox 1970 4719 2032 4812; x_wconf 89' lang='lat' dir='ltr'><strong>ad</strong></span> <span class='ocrx_word' id='word_1_187' title='bbox 2053 4739 2186 4812; x_wconf 88' lang='lat' dir='ltr'><strong>trun-</strong></span> 
     </span>
     <span class='ocr_line' id='line_1_28' title="bbox 677 4869 1588 5003; baseline 0.007 -41"><span class='ocrx_word' id='word_1_188' title='bbox 677 4901 789 4970; x_wconf 90' lang='lat' dir='ltr'><strong>cum</strong></span> <span class='ocrx_word' id='word_1_189' title='bbox 819 4869 1038 4968; x_wconf 88' lang='lat' dir='ltr'><strong>carotidis</strong></span> <span class='ocrx_word' id='word_1_190' title='bbox 1066 4890 1265 4966; x_wconf 83' lang='lat' dir='ltr'><strong>externae</strong></span> <span class='ocrx_word' id='word_1_191' title='bbox 1296 4872 1588 5003; x_wconf 86' lang='lat' dir='ltr'><strong>ablegantur.</strong></span> 
     </span>
    </p>

    <p class='ocr_par' dir='ltr' id='par_1_5' title="bbox 675 5002 2186 5316">
     <span class='ocr_line' id='line_1_29' title="bbox 711 5002 2186 5163; baseline -0.001 -37"><span class='ocrx_word' id='word_1_192' title='bbox 711 5119 716 5126; x_wconf 89' lang='lat'><em>.</em></span> <span class='ocrx_word' id='word_1_193' title='bbox 756 5023 966 5138; x_wconf 82' lang='lat' dir='ltr'><strong>Tertius,</strong></span> <span class='ocrx_word' id='word_1_194' title='bbox 1007 5027 1093 5151; x_wconf 93' lang='lat' dir='ltr'><strong>qui</strong></span> <span class='ocrx_word' id='word_1_195' title='bbox 1128 5022 1307 5160; x_wconf 76' lang='lat' dir='ltr'><strong>duplex</strong></span> <span class='ocrx_word' id='word_1_196' title='bbox 1340 5030 1412 5125; x_wconf 87' lang='lat' dir='ltr'><strong>vel</strong></span> <span class='ocrx_word' id='word_1_197' title='bbox 1448 5002 1626 5163; x_wconf 69' lang='grc'><strong>1111111611</strong></span> <span class='ocrx_word' id='word_1_198' title='bbox 1661 5032 1788 5128; x_wconf 87' lang='lat' dir='ltr'><strong>cerni</strong></span> <span class='ocrx_word' id='word_1_199' title='bbox 1820 5030 1962 5147; x_wconf 88' lang='lat' dir='ltr'><strong>solet,</strong></span> <span class='ocrx_word' id='word_1_200' title='bbox 2000 5061 2186 5141; x_wconf 87' lang='lat' dir='ltr'><strong>ramus,</strong></span> 
     </span>
     <span class='ocr_line' id='line_1_30' title="bbox 675 5183 2184 5316; baseline -0.001 -35"><span class='ocrx_word' id='word_1_201' title='bbox 675 5183 925 5314; x_wconf 86' lang='lat' dir='ltr'><strong>pulposus,</strong></span> <span class='ocrx_word' id='word_1_202' title='bbox 967 5183 1131 5305; x_wconf 82' lang='lat' dir='ltr'><strong>ruber,</strong></span> <span class='ocrx_word' id='word_1_203' title='bbox 1178 5218 1374 5306; x_wconf 90' lang='lat' dir='ltr'><strong>crassus,</strong></span> <span class='ocrx_word' id='word_1_204' title='bbox 1414 5209 1462 5284; x_wconf 89' lang='lat' dir='ltr'><strong>et</strong></span> <span class='ocrx_word' id='word_1_205' title='bbox 1504 5187 1641 5314; x_wconf 88' lang='lat' dir='ltr'><strong>quasi</strong></span> <span class='ocrx_word' id='word_1_206' title='bbox 1672 5186 1960 5316; x_wconf 88' lang='lat' dir='ltr'><strong>pellucidns,</strong></span> <span class='ocrx_word' id='word_1_207' title='bbox 2000 5189 2060 5284; x_wconf 91' lang='lat' dir='ltr'><strong>ab</strong></span> <span class='ocrx_word' id='word_1_208' title='bbox 2098 5189 2184 5282; x_wconf 90' lang='lat' dir='ltr'><strong>ista</strong></span> 
     </span>
    </p>
   </div>
   <div class='ocr_carea' id='block_1_2' title="bbox 0 0 2548 6804">
    <p class='ocr_par' dir='ltr' id='par_1_6' title="bbox 0 0 2548 6804">
     <span class='ocr_line' id='line_1_31' title="bbox 0 0 2548 6804; baseline 0 0"><span class='ocrx_word' id='word_1_209' title='bbox 0 0 2548 6804; x_wconf 95' lang='lat' dir='ltr'><strong> </strong></span> 
     </span>
    </p>
   </div>
  </div>
 </body>
</html>
