5080 6812
668 867 843 958 nervus
871 853 1364 993 glosso-pharyngeus,
1395 857 1538 987 atque'
1563 867 1762 959 exterius
1790 886 1836 960 et
1866 866 2014 995 paulo
2036 894 2184 1000 poste·

668 1023 769 1114 'rius
800 1022 885 1148 ipsi
911 1021 1151 1113 accumbit
1178 1053 1295 1112 vena
1325 1019 1551 1154 juguleris
1579 1009 1789 1139 interna,
1825 1057 1995 1120 nervus
2022 1062 2183 1158 vagus,

670 1201 720 1270 ,et
748 1192 985 1304 postremo
1017 1209 1187 1268 nervus
1217 1175 1528 1304 hypoglossus.
1885 1299 1887 1306 s
2013 1189 2016 1194 ’
2088 1187 2093 1198 ’

746 1335 804 1426 ln
838 1335 1000 1426 rariori
1042 1366 1150 1425 casu
1184 1331 1407 1460 ganglion
1447 1333 1607 1426 inveni
1648 1335 1867 1431 cervicale
1902 1371 2181 1466 supremum

673 1491 848 1618 duplex
862 1491 888 1581 ¹.
910 1492 1128 1583 Truncus
1143 1521 1314 1614 nempe
1333 1490 1461 1580 nervi
1477 1492 1824 1618 sympathetici,
1848 1499 2003 1587 mox'e
2028 1496 2179 1588 canali

674 1647 875 1756 carotico
906 1677 1127 1774 egressus,
1156 1647 1209 1736 in
1237 1645 1354 1736 duas
1382 1645 1500 1736 abiit
1529 1669 1705 1772 partes,
1739 1631 1888 1742 unam
1918 1650 2180 1768 internam,

674 1802 1160 1916 externamalteram,
1183 1835 1270 1927 ope
1293 1833 1536 1894 ramorum
1559 1837 1816 1897 crassorum
1843 1806 1968 1899 inter
1986 1839 2033 1899 se
2059 1813 2181 1922 com‘-

673 1964 985 2054 manicantes.
1052 1957 1319 2084 Ganglion‚
1368 1958 1500 2080 quod
1546 1959 1779 2085 appellare
1820 1994 2011 2088 possum
2049 1965 2182 2056 'inte-

674 2119 794 2234 rius,
832 2115 1181 2244 longitudinem
1218 2112 1390 2205 habuit
1422 2112 1659 2206 linearum
1699 2116 1996 2240 quindecim,
2032 2120 2183 2212 crassi-

673 2275 787 2368 tiem
824 2273 1059 2366 linearum
1100 2271 1261 2400 trium.
1325 2267 1566 2398 Ganglion
1602 2274 1801 2366 exterius
1832 2272 2182 2402 longitudinem

671 2430 843 2524 habuit
864 2429 1047 2557 pollicis
1073 2427 1238 2541 unius,
1262 2427 1514 2518 crassitiem
1541 2427 1778 2522 linearum
1808 2430 1977 2545 trium,
2002 2452 2048 2524 et
2074 2432 2181 2559 jun·

670 2590 866 2722 gebatur
898 2617 1040 2678 nervo
1063 2582 1447 2722 hypoglossoper
1479 2584 1597 2678 duos
1626 2619 1779 2680 ramos
1804 2589 2177 2681 anastomoticos.

632 2809 633 2814 κ
673 2745 835 2858 Remi,
872 2776 926 2834 ex
959 2742 1046 2833 isto
1078 2739 1262 2868 ganglio
1288 2738 1467 2865 duplici
1500 2741 1695 2834 inferius
1725 2744 1900 2859 emissi,
1935 2746 1986 2835 in
2022 2776 2179 2838 unum

673 2899 948 2993 suni'culum
980 2897 1172 2990 coibant
1200 2928 1355 3000 versus
1381 2896 1751 3014 mediumcolli,
1769 2900 1852 3023 qui
1875 2900 1967 2993 luit
1984 2913 2181 2996 truncus

672 3059 802 3152 nervi
840 3054 1182 3186 sympathetici.
1324 3037 1332 3048 ⁸

743 3215 819 3308 De
851 3212 1025 3306 labrlca
1061 3211 1230 3304 intima
1267 3211 1561 3339 ganglio'rum
1591 3213 1797 3346 ¹iuferius
1831 3216 2179 3334 dissertaturus,

672 3371 945 3499 'diligentius
979 3370 1046 3461 ibi
1073 3367 1244 3496 ganglii
1274 3368 1458 3461 olivaris
1483 3369 1742 3496 explanabo
1769 3369 2016 3490 habitum,
2048 3375 2181 3467 indo

671 3527 766 3621 lem
786 3548 1155 3620 et'structuram.
1188 3527 1328 3621 Nunc
1349 3499 1523 3620 sufficit
1540 3527 1799 3657 generalius
1826 3529 2034 3655 ejusdem
2061 3531 2180 3625 indi-

671 3717 790 3778 casse
823 3683 1120 3811 positionem.
2071 3697 2075 3708 '
2116 3699 2119 3706 ’

742 3848 783 3964 5.
809 3851 852 3958 4.
888 3842 1049 3934 Finito
1069 3839 1273 3968 ganglio,
1294 3859 1492 3962 truncus
1517 3842 1646 3935 nervi
1667 3843 2012 3971 sympathetiei,
2032 3877 2180 3938 coarc-

675 3999 818 4112 tatus,
839 4021 885 4091 et
902 3997 1133 4121 tauquam
1154 3994 1397 4089 funiculus
1415 4017 1532 4090 teres
1550 3998 1756 4092 dimidiae
1775 3999 1910 4092 lineae
1925 3999 2067 4118 latus,
2081 4034 2181 4129 per-

672 4153 1040 4284 pendiculariter
1065 4169 1187 4246 retro
1213 4152 1469 4245 carotidem
1496 4153 1756 4270 descendit,
1783 4156 1920 4250 nullo
1947 4155 2029 4251 filo
2050 4160 2176 4292 dato,

675 4312 989 4436 usquedum,
1019 4309 1239 4403 artesiam
1267 4307 1585 4438 thyreoideam
1617 4312 1852 4442 attingens
1885 4289 2178 4432 inferiorem,

674 4469 727 4564 in
767 4469 1031 4564 secundum
1068 4467 1289 4597 ganglion'
1320 4466 1623 4582 intumescit,
1660 4470 1790 4593 quod
1820 4467 2050 4599 ganglio'o
2085 4479 2180 4564 eer-

678 4622 825 4724 ινίοαῖιε
848 4622 1051 4720 mediam
1065 4657 1151 4718 ¹seu
1176 4619 1500 4755 thyreoideum
1519 4624 1797 4752 appellatur.
1827 4597 1932 4720 ¹Hoc
1950 4661 2056 4722 vero
2073 4635 2182 4757 gan-¹

672 4785 822 4914 glion,
848 4783 977 4908 quod
1012 4813 1112 4876 non
1142 4814 1246 4874 raro
1269 4777 1447 4896 deficit,
1474 4782 1592 4874 dum
1617 4814 1642 4874 e
1667 4785 1903 4876 contrario
1931 4784 2179 4909 aliquoties

674 4941 935 5044 admodum
959 4939 1112 5066 reperi
1134 4935 1403 5064 spectabile,
1427 4937 1782 5068 triangularem,
1811 4963 1866 5034 ut
1890 4940 2178 5068 plurimum,

724 5291 731 5318 '
757 5275 975 5352 Deliuebluui
999 5277 1048 5350 esl
1067 5279 1162 5350 istud
1189 5280 1354 5368 ganglion
1378 5279 1415 5350 in
1438 5281 1562 5348 tabulae
1585 5277 1714 5364 quintae
1740 5281 1851 5368 figura
1877 5269 1984 5346 tcitia.
