5080 6812
1109 681 1173 783 51

346 987 351 1024 ,
389 933 602 1006 metrum·
620 905 1017 1037 longitudinalem
1040 903 1263 998 offerebat
1284 903 1502 1034 quinque
1524 905 1762 1040 linearum
1784 941 1896 1004 cunr

389 1069 587 1164 dimidia
617 1103 639 1158 ε.
656 1049 950 1189 reliquorum
986 1063 1213 1162 diameter
1246 1093 1397 1156 unam
1437 1063 1655 1186 aequabat
1689 1062 1895 1186 lineam3

309 1251 316 1266 ·
379 1227 592 1320 colorem
621 1221 865 1334 habebant
890 1219 1152 1340 rubellum,
1171 1238 1227 1312 ‘et
1244 1220 1337 1312 fere
1361 1219 1524 1312 omnia
1549 1219 1672 1313 duos.
1690 1222 1897 1316 ramulos

278 1355 287 1372 ⁶
388 1380 752 1479 anastomoticos
783 1375 1073 1503 recipiebant
1101 1409 1127 1466 e
1160 1375 1313 1468 nervis
1345 1373 1607 1480 costalibus.
1654 1377 1793 1474 Nervi
1829 1378 1898 1470 in·
1981 1497 1986 1506 ι

389 1537 642 1634 tereostalis
660 1558 859 1629 truncus
879 1533 931 1625 in
952 1530 1247 1662 gangliorum
1268 1531 1523 1626 intervallis
1549 1534 1738 1627 tertiam
1763 1534 1898 1628 lineae

388 1718 571 1824 partem
592 1689 1034 1806 habebat-crassitie,
1058 1711 1109 1796 et¹
1125 1688 1311 1784 nullam
1332 1690 1730 1816 interruptionem
1748 1713 1899 1784 osten-

377 1846 530 1945 debat
550 1853 676 1944 inter
699 1871 883 1977 partem
901 1879 1038 1940 suam
1060 1847 1346 1940 thoracicam
1368 1869 1512 1970 atque
1531 1848 1898 1954 abdominalem.

463 2007 687 2138 Quatuor
729 2006 926 2098 aderant
960 2003 1144 2132 ganglia
1184 2004 1442 2129 lumbalia‚
1486 2035 1696 2126 quorum
1737 2035 1899 2099 secun-

388 2166 507 2256 dum
550 2164 780 2266 diametro
819 2159 955 2268 lineae
993 2161 1140 2251 unius
1176 2191 1289 2252 eum
1325 2160 1523 2253 dimidia
1565 2159 1758 2283 reliquis
1790 2191 1901 2287 prae

389 2318 587 2416 cellebat
609 2307 950 2444 magnitudine.
982 2315 1094 2407 Duo
1118 2336 1312 2408 tantum
1340 2315 1693 2440 reperiebantur
1716 2316 1899 2444 ganglia

388 2473 591 2566 sacralia.
653 2473 872 2565 Truncus
913 2470 1243 2586 intercostalis,
1270 2453 1602 2596 ‚foraminibus
1647 2471 1905 2566 sacralibus

388 2631 652 2722 admodum
678 2628 885 2742 vicinus,
909 2658 1022 2750 cum
1041 2629 1194 2718 neruis
1215 2659 1303 2753 ope
1328 2625 1624 2718 ramulorum
1647 2627 1900 2720 subtilium

390 2785 670 2897 cohaerebat,
697 2784 873 2906 absque
898 2780 1089 2873 nodulis
1121 2782 1434 2892 intermediis;
1464 2783 1661 2876 tandem
1685 2784 1770 2908 iste
1800 2816 1904 2877 ner-

297 2979 299 2990 *
389 2976 475 3035 vus
496 2940 547 3035 in
571 2961 704 3067 parte
728 2939 930 3067 coccygia
954 2938 1289 3065 superioriper
1310 2937 1556 3032 surculum
1588 2941 1901 3034 tenerrimum

259 3081 264 3086 ⁵
391 3128 670 3192 cum-nervo
695 3095 886 3189 alterius
909 3094 1064 3187 lateris
1086 3096 1423 3188 anastomotiee
1443 3095 1742 3224 jungebatur.
1774 3076 1904 3192 Gan·

385 3254 518 3384 glion
547 3247 823 3380 coccygeum
857 3283 958 3344 non
992 3249 1164 3342 aderat.
1812 3361 1816 3372 .

463 3412 503 3502 Ε
532 3407 725 3538 gangliis
752 3404 997 3499 thoracicis
1025 3427 1233 3528 quatuor
1256 3405 1602 3500 enascebantur
1631 3403 1902 3526 filamenta‚

391 3599 497 3691 quae
508 3563 787 3658 arteriarum
801 3559 1173 3654 intercostalium
1191 3561 1384 3654 comites
1400 3564 1453 3655 in
1467 3585 1597 3656 aorta
1612 3565 1902 3659 desinebant.

387 3799 392 3818 .
464 3723 643 3818 Nervus
674 3717 1013 3846 splanchnicus
1047 3718 1199 3843 major
1230 3717 1378 3811 dextri
1411 3717 1566 3811 lateris
1596 3742 1904 3843 quatuorra-

385 3875 577 3997 dicibus
611 3876 916 3968 enascebatur
950 3906 975 3965 e
1003 3873 1224 4001 septimo,
1264 3904 1421 3988 nono,
1464 3876 1646 3969 decimo
1682 3898 1730 3970 et
1758 3878 1904 3971 unde-

393 4038 518 4128 cimo
549 4031 765 4161 ganglio;
803 4031 989 4124 sinister
1022 4053 1113 4123 tres
1145 4021 1338 4122 tantum
1370 4030 1576 4124 habebat
1604 4033 1788 4149 radices

466 4193 643 4298 Nervus
665 4188 1002 4316 splanchnicus
1025 4189 1187 4281 minor
1210 4187 1351 4279 unica
1374 4187 1529 4282 solum
1557 4189 1711 4282 radice
1740 4192 1904 4284 aduo

394 4349 577 4441 decimo
608 4344 912 4473 proveniebat
939 4342 1135 4472 ganglio.

467 4501 667 4632 Ganglia
702 4501 1007 4594 semilunaria
1041 4532 1182 4625 parva
1219 4521 1377 4615 erant,
1418 4501 1600 4595 ratione
1636 4501 1800 4596 habita
1842 4507 1904 4598 ad

395 4660 575 4785 reliqua
607 4659 737 4752 nervi
765 4656 1095 4786 sympathetiei
1132 4654 1328 4784 ganglia.

412 4889 416 4894 .
468 4815 738 4908 Insinistro
770 4813 912 4908 latere
937 4812 1147 4938 ejusdem
1177 4811 1317 4904 foetus
1351 4812 1524 4905 iterum
1560 4815 1721 4908 inveni
1751 4850 1906 4912 ramu-

395 4973 500 5066 lum
529 5006 555 5064 e
585 4970 770 5100 ganglio
799 5002 1019 5097 supremo
1047 4988 1320 5083 exeuntem,
1350 4990 1423 5084 et,
1454 4971 1653 5086 surculis
1689 4973 1810 5068 datis
1844 4976 1904 5069 ad

387 5128 671 5258 glandulam
693 5127 1035 5258 thyreoideam‚
1062 5128 1113 5217 in
1133 5124 1408 5218 musculum
1438 5127 1904 5258 crico7tbyreoideum

392 5287 704 5379 desinentem.
