5080 6812
1087 687 1161 814 η·

358 892 423 994 d?
443 896 738 1013 secundum,
769 895 857 1026 pro
887 897 1097 1024 subjecto
1133 895 1310 992 arteriae
1338 895 1630 1026 pulmonalis
1661 907 1869 1012 'truncos

358 1049 423 1148 3?
450 1055 670 1170 tertium,
703 1055 812 1179 qui,
848 1085 959 1146 cum
995 1086 1127 1150 ramo
1161 1053 1462 1150 circumflexo
1489 1057 1687 1150 cardiaci
1715 1059 1883 1152 dextri..

355 1213 543 1324 unitus,
571 1242 754 1304 coronae
789 1211 841 1303 in
881 1211 1082 1303 modum
1110 1210 1245 1303 basin
1276 1232 1417 1304 aortae
1451 1211 1619 1340 cingit,
1656 1215 1766 1306 dein
1803 1215 1882 1307 ad·

343 1355 929 1461 ¹ventriculumdextrum
943 1365 1175 1480 excurrit,
1208 1363 1401 1492 plexum
1426 1366 1743 1462 coronarium⁴
1762 1371 1887 1466 dex-³

353 1543 486 1617 trum
513 1522 753 1616 fortiorem
788 1523 969 1636 reddit,
999 1543 1163 1645 atque,
1194 1522 1321 1613 inter
1342 1521 1476 1638 alios,
1508 1523 1627 1616 duos
1653 1525 1884 1619 surculos-

353 1680 531 1774 emittit
574 1682 626 1774 in
665 1683 851 1807 partem
888 1675 1143 1772 =ventriculi
1185 1677 1335 1771 dextri
1375 1680 1571 1774 arteriae·
1593 1679 1863 1806 pulmonali

351 1837 698 1962 propinquam,
734 1837 821 1960 qui
854 1835 1134 1928 arteriarum
1171 1833 1382 1960 quidem
1405 1834 1599 1930 comites
1632 1835 1688 1932 in
1723 1833 1864 1932 fibras

353 1990 639 2086 musculares
667 1993 819 2086 cordis
832 1991 1188 2110 evidentissime
1219 2012 1478 2085 transeunt.
1517 1991 1521 2076 ἶ

422 2153 462 2268 ς.
491 2159 571 2266 24.
606 2149 852 2272 Denique,
869 2149 955 2240 ,ad
973 2178 1227 2241 nervorum
1262 2148 1585 2244 cardiacorum
1615 2151 1862 2246 historiam

350 2302 725 2431 perficiendam,
748 2337 927 2398 necesse
957 2325 1025 2398 est
1050 2303 1282 2418 indicare,
1317 2335 1539 2427 quaenam
1569 2307 1688 2400 ratio
1723 2309 1884 2403 inter-·

351 2463 476 2554 cedit
491 2462 616 2555 inter
636 2491 1023 2588 nervumragum
1041 2479 1088 2552 ct
1108 2490 1206 2572 cor,
1227 2458 1531 2584 ejusdemque
1546 2493 1649 2556 vasa
1670 2464 1862 2592 majora.
1881 2529 1886 2546 »

349 2615 523 2712 Nullus
555 2618 684 2710 adest
711 2617 924 2710 ramulus
946 2616 1018 2709 ad.
1034 2614 1356 2709 ventriculum
1383 2616 1589 2709 cordisa
1616 2620 1718 2745 pari
1746 2653 1859 2750 vago
1896 2659 1898 2662 ·
1959 2671 1962 2678 ⁴
2056 2719 2059 2728 p

259 2771 265 2790 '
350 2772 522 2867 directe
549 2795 738 2892 enatus,
762 2772 979 2898 quamvis
1007 2773 1138 2865 nervi
1163 2771 1382 2887 cardiaci,
1407 2771 1459 2864 in
1480 2770 1623 2899 plexu
1649 2778 1886 2870 cardiaco.=

346 2929 612 3056 profundo,
652 2930 780 3023 misti
813 2930 994 3024 suerint
1025 2959 1143 3022 cum
1185 2961 1327 3022 nervo
1365 2960 1500 3055 vago,
1537 2930 1609 3021 uti
1647 2933 1860 3058 superius

348 3083 530 3180 dictum
558 3108 639 3182 est
680 3087 772 3183 Sed
803 3085 1125 3214 exceptionem
1154 3086 1338 3178 faciunt
1362 3087 1538 3179 arteriae
1568 3085 1862 3212 pulmonalis

347 3243 503 3336 rami:
533 3244 710 3372 quippe
735 3245 820 3369 qui
853 3244 1062 3337 ramulos
1092 3243 1458 3358 nanciscuntur,
1487 3263 1612 3356 recto
1648 3249 1863 3363 tramite,

347 3429 373 3489 e
410 3399 515 3524 pari
556 3431 670 3527 vago
712 3401 967 3527 productos
981 3439 993 3509 ;
1038 3399 1192 3492 existit
1234 3399 1366 3490 enim
1412 3399 1466 3491 in
1509 3398 1671 3492 dextro
1718 3399 1866 3498 latere

347 3584 516 3648 nervus
547 3555 609 3648 ab
645 3558 732 3656 isto
760 3559 860 3684 pari
894 3556 1035 3648 unice
1064 3556 1259 3648 emissus
1289 3574 1401 3646 ante
1434 3554 1663 3680 originem
1697 3555 1867 3682 plexus

344 3709 638 3837 pulmonalis
675 3713 935 3807 anterioris.
986 3711 1072 3804 Ille
1091 3743 1266 3804 ramus
1284 3711 1363 3802 ad
1390 3709 1608 3804 dextram
1636 3714 1861 3806 arteriam

343 3863 675 3994 pulmonalem
697 3871 871 3985 tendit,
904 3870 981 3961 cui
1009 3891 1101 3962 tres
1122 3889 1209 3960 aut
1223 3888 1439 3991 quatuor
1459 3864 1675 3961 cautulus
1690 3868 1859 3996 imper·

345 4025 424 4131 tit,
445 4024 556 4117 dein
572 4027 641 4150 ad·
657 4059 826 4125 uenam
847 4023 1177 4152 pulmonalem
1202 4025 1419 4116 dextram
1435 4023 1860 4149 descendit,atque

345 4177 398 4272 in
425 4213 477 4272 ea
504 4182 655 4274 tribus
680 4182 881 4277 surculis
906 4182 1194 4295 absumitur,
1222 4179 1397 4274 ultimo
1425 4179 1484 4270 ad
1514 4181 1676 4272 sinum
1705 4182 1894 4275 cordiss

345 4335 562 4429 dextrum
590 4361 873 4465 properante
890 4360 945 4431 ¹ct
968 4370 1124 4432 versus
1152 4369 1264 4438 eum
1293 4357 1603 4431 evanescente.
1638 4336 1769 4432 Licet
1788 4370 1855 4430 ra·

344 4490 472 4584 muli
489 4495 553 4588 ad
573 4525 712 4588 uenas
732 4494 1032 4622 pulmonales
1054 4493 1408 4588 aceleberrimo
1438 4485 1724 4584 Sabatht'er?
1751 4479 1853 4586 non

343 4648 440 4740 sint
477 4650 588 4765 visi,
628 4672 789 4744 tamen
823 4685 899 4745 eos
939 4651 1240 4778 exautopsia
1266 4681 1403 4742 non.
1427 4679 1607 4776 negare
1626 4679 1851 4774 possumt

343 4806 717 4900 consentientem
745 4805 898 4902 habeo
923 4801 1288 4902 ,celeberrimum
1317 4799 1597 4897 Bata-ends:

350 4999 356 5044 :
411 4956 555 5083 §.ai
601 4965 649 5056 E.
677 4965 910 5091 praedictis
933 4967 1014 5060 dc·
1041 4995 1296 5062 nervorum
1333 4961 1655 5055 cardiacorum
1690 4959 1851 5056 indole
1878 4985 1882 4995 ’

387 5195 395 5223 ¹
421 5195 460 5256 1.
481 5215 509 5258 c.
570 5236 580 5258 .
598 5197 675 5260 218.

386 5311 400 5340 ²
422 5217 569 5380 nicecii,
586 5311 702 5399 inaug.
724 5333 793 5395 qua
816 5317 1000 5380 demonstr·
1022 5334 1084 5380 cor
1099 5311 1213 5379 nervis
1233 5329 1365 5392 carcre3
1383 5267 1680 5396 Mogontprpm,
1695 5327 1730 5394 p·
1750 5328 1804 5372 ro.

1491 5427 1520 5512 3
