5080 6812
1311 645 1312 648 ¹
1419 728 1503 840 ΜΛ

698 968 838 1070 auus,
874 937 1059 1042 intres
1097 934 1486 1052 'ramos'dirisus,
1532 935 1592 1030 ad
1625 934 1827 1028 ductum
1856 933 2211 1030 choledochttm

697 1091 883 1206 tendit,
900 1112 1045 1214 atque
1070 1089 1122 1184 in
1146 1123 1201 1184 co
1219 1092 1315 1184 suis
1339 1092 1537 1186 ramulis
1561 1091 1850 1205 absumitur,
1878 1091 1997 1185 dum
2019 1091 2211 1216 reliqui,⁸

696 1281 791 1378 pert
808 1266 999 1380 portam
1032 1246 1180 1374 hepar
1212 1246 1521 1374 ingredientes
1538 1246 1691 1376 ,solito
1729 1279 1883 1364 more,
1901 1357 1905 1366 Ι
1927 1248 2104 1360 arteriae
2135 1247 2212 1340 he-

695 1403 1531 1535 paticaeramossequunturusque
1567 1403 1628 1496 ad
1662 1403 1958 1518 tertiamvel
1989 1428 2232 1527 quartam⁴

698 1558 1001 1704 divisionem,
1032 1559 1258 1690 atquein
1294 1557 1389 1652 tela
1416 1559 1635 1652 cellulosa
1669 1560 1842 1652 extima
1875 1559 2051 1654 horum
2088 1593 2232 1654 vaso-1.

697 1747 809 1810 rum
833 1736 1130 1810 evanescunt.
1163 1711 1390 1808 Attamen
1406 1716 1466 1839 'in
1485 1715 1669 1844 hepatis
1694 1713 1805 1809 lobo
1822 1716 1986 1810 ,dextro
2012 1717 2071 1832 ad
2098 1750 2214 1842 quas

697 1887 811 2008 tuor
849 1868 1100 1999 pollicum,
1120 1870 1497 2003 profunditatem
1542 1870 1774 1985 surculos,
1819 1892 2002 1963 armato
2042 1870 2232 1988 oculo„

698 2025 985 2154 deprehendi
1015 2027 1066 2118 in
1089 2025 1369 2120 arteriarum
1398 2029 1562 2156 tunica
1594 2025 1826 2122 celluiosa.
1867 2028 1924 2120 ln
1953 2025 2047 2119 alio
2079 2027 2232 2121 cada·'

696 2215 823 2314 vere,
863 2202 1029 2309 praeter
1063 2183 1182 2275 duos
1209 2170 1371 2276 'ramos
1410 2183 1631 2276 arteriam
1669 2183 1891 2312 cyaticam
1930 2183 2210 2278 comitantes

697 2360 760 2470 ot,
783 2338 843 2438 ad
876 2337 1144 2456 vesiculam⁴
1168 2337 1355 2432 felleam
1395 2343 1741 2468 pervenientes,
1791 2338 2002 2432 surculos
2049 2338 2208 2431 inveni

696 2518 787 2589 tres
818 2527 905 2623 pro
944 2497 1094 2589 ductu
1127 2496 1373 2624 hepatico,
1414 2496 1518 2590 loco
1558 2497 1654 2622 uhi
1684 2498 1769 2588 iste
1807 2494 1859 2590 in
1899 2495 2036 2592 duos,
2055 2525 2211 2588 ramos

695 2651 926 2750 dividitur
949 2684 1036 2777 pro
1070 2651 1257 2780 singulo
1284 2652 1475 2779 hepatis
1502 2651 1624 2745 lobo.
1662 2651 1757 2744 Alii
1789 2648 1961 2743 ramuli
1988 2648 2209 2743 ductibus

693 2805 893 2946 hiliariis
914 2828 1055 2932 ,crant
1074 2808 1278 2934 proprii,
1299 2808 1446 2936 paulo
1469 2807 1757 2935 profundius
1781 2806 1833 2898 in
1863 2805 2045 2932 hepatis
2062 2837 2211 2930 ‘carne

696 2961 901 3055 inclusis.
931 2962 1135 3060 Nullum
1166 2963 1324 3057 inveni
1357 2965 1605 3068 surculum
1630 2965 1690 3057 ad
1716 2995 1855 3056 venas
1887 2959 2138 3088 hepaticas.

716 3171 743 3190 «ν
767 3118 1041 3232 Posterior,
1071 3152 1182 3212 cum
1206 3153 1334 3226 vena,
1351 3145 1623 3251 portarum,
1651 3121 1728 3213 cui
1758 3120 1860 3212 laxe
1887 3116 2113 3234 adhaeret,
2143 3118 2210 3212 iu-

697 3272 880 3390 cedcns,
914 3273 1008 3368 fere
1043 3296 1171 3369 totus
1198 3311 1237 3388 e
1254 3277 1440 3409 ganglio
1472 3277 1749 3372 semilunari
1783 3276 1954 3378 dextro
1978 3273 2213 3367 educitur.

696 3430 836 3524 Rami
882 3430 979 3536 duo
1013 3431 1073 3525 ad
1105 3453 1220 3547 tres,
1255 3417 1328 3528 uti
1366 3435 1682 3548 dictumest,
1720 3463 1832 3526 cum
1864 3429 2006 3546 ramis
2046 3429 2216 3557 plexus,

693 3586 898 3714 hepatici
943 3587 1165 3683 anteriois
1214 3589 1368 3706 uniti,
1420 3586 1590 3685 rubelli
1641 3609 1757 3683 sunt
1804 3586 2025 3712 equidem
2064 3608 2209 3710 atque

694 3743 966 3874 cylindrici,
996 3765 1043 3840 et
1075 3747 1178 3874 pari
1215 3748 1359 3841 modo
1390 3781 1503 3870 cum
1538 3746 1680 3844 ramis
1706 3775 1925 3840 vasorum
1958 3741 2106 3835 viscus
2140 3743 2210 3836 in·

695 3901 989 4030 grediuntur.
2063 4021 2071 4034 ι

703 4149 712 4168 ,
766 4056 935 4150 Plexus
960 4058 1120 4183 itaque
1139 4060 1388 4190 hepaticus
1404 4063 1612 4157 anterior
1635 4061 1941 4190 componitur
1960 4041 2047 4187 pro
2066 4059 2212 4150 maxi-

698 4244 776 4306 ma
810 4235 941 4343 parte
972 4253 985 4306 ι
1026 4209 1087 4307 1.⁰
1115 4251 1141 4309 e
1167 4219 1274 4346 pari
1307 4255 1420 4351 rago
1452 4224 1630 4317 dextro.
1648 4217 1898 4339 (funiculo.
1920 4215 2210 4310 stomachico

698 4369 916 4488 dextro);
964 4365 1029 4466 a?
1063 4408 1119 4467 ex
1149 4408 1200 4468 ea
1233 4401 1366 4505 parte
1396 4380 1559 4508 plexus
1588 4378 1770 4492 solaris,
1812 4407 1916 4500 quae
1958 4406 1983 4466 e
2021 4370 2214 4502 ganglio

697 4526 1194 4628 semilunarisinistro
1222 4558 1384 4630 ortum
1414 4537 1588 4648 trahi-t;
1621 4530 1684 4631 &⁰
1717 4531 2053 4663 prominima
2074 4548 2207 4655 parte

697 4681 846 4777 efilis
880 4684 1051 4817 ganglii
1090 4691 1389 4828 semilunaris
1415 4695 1579 4796 dextri.

770 4839 937 4935 Plexus
963 4843 1214 4974 hepaticus
1230 4853 1458 4982 posterior
1490 4854 1583 4946 iere
1611 4871 1739 4946 totus
1768 4881 1792 4942 e
1826 4844 2011 4976 gangiio
2037 4842 2209 4946 ¹dextro

697 4995 983 5128 efformatus

679 5183 684 5196 ·
769 5131 826 5249 Iu
860 5188 1027 5284 genere
1061 5163 1119 5256 de
1150 5167 1302 5260 nervis
1337 5169 1389 5260 in
1424 5165 1595 5294 hepate
1635 5159 1898 5274 distributis
1931 5156 2206 5250 notandum

695 5330 790 5454 ‘sta
831 5345 907 5409 θῦε
926 5348 1025 5448 pro
1056 5321 1271 5418 maxima
1297 5343 1442 5455 porte
1472 5324 1534 5418 ad
1567 5321 1755 5419 arterias
1785 5316 2055 5448 pertinere,
2088 5343 2210 5438 quas
