5076 6816
1396 680 1494 744 110

684 851 691 862 ’
754 865 970 966 Medium
993 855 1175 986 autem,
1204 893 1301 993 quo
1319 870 1624 998 potissimum
1645 901 1900 964 nervorum
1929 901 2077 964 nexus
2094 904 2195 999 pcr-

680 1027 874 1142 ficitur,
923 1045 991 1120 est
1029 1056 1199 1119 nervus
1235 1001 1414 1155 vagus,
1452 1024 1587 1151 eujus
1627 1025 1845 1152 plurimae
1889 1059 2001 1118 cum
2050 1061 2192 1122 nervo

683 1163 968 1278 intercosteli
1007 1205 1321 1276 anastomoses
1360 1183 1413 1274 in
1443 1181 1592 1295 collo,
1633 1182 1822 1276 thorace
1851 1215 1904 1274 ac
1935 1184 2193 1278 abdomine

682 1374 932 1436 numerosa
968 1339 1271 1432 constituunt
1308 1339 1447 1452 retia,
1483 1339 1658 1462 quibus
1691 1337 2029 1468 sympathetioa
2069 1343 2192 1434 actio

682 1498 934 1612 innititur,
980 1517 1028 1590 et
1064 1494 1143 1588 ille
1172 1517 1240 1588 est
1269 1496 1501 1621 praecipue
1536 1497 1671 1622 cujus
1710 1497 1980 1588 interventu
2011 1497 2191 1588 mirum

684 1653 810 1747 istud
841 1653 1180 1744 commercium
1218 1650 1464 1744 obtinetur
1500 1673 1644 1779 caput
1680 1652 1804 1745 inter
1841 1684 1895 1744 ac
1929 1651 2192 1767 abdomen,

682 1811 744 1903 ab
777 1809 910 1901 omni
939 1840 1034 1901 aevo
1064 1803 1256 1900 medicis
1290 1829 1477 1901 notum,

756 1963 953 2059 Maximi
991 1965 1227 2058 momenti
1265 1984 1333 2056 est
1370 1962 1421 2055 in
1452 1963 1540 2058 hec
1574 1996 1622 2058 re
1645 1964 1815 2091 fascia
1845 1963 2193 2058 communicans

592 2145 596 2152 ·
691 2111 984 2256 Wrisbcrgii
1018 2120 1081 2240 (l.
1115 2119 1239 2246 89),
1273 2149 1402 2242 quae,
1439 2153 1545 2214 meo
1575 2120 1776 2247 judici0‚
1806 2120 1963 2247 aptius
1997 2121 2193 2244 quidem

684 2305 849 2370 ramus
887 2277 1157 2402 nuncupari
1199 2298 1353 2402 potest
1398 2307 1599 2405 magnus
1642 2259 2013 2369 anastomoticus
2052 2271 2195 2369 abdo·

684 2426 1134 2562 mino-cephalicus,
1179 2433 1292 2555 quia
1329 2432 1475 2558 hujus
1505 2465 1593 2560 ope
1627 2435 1723 2526 vita
1756 2431 1976 2526 animalis
2010 2434 2070 2525 ed
2108 2466 2195 2525 nu·

683 2593 909 2685 trientem
946 2621 1028 2682 seu
1067 2590 1368 2715 vegetativam
1407 2589 1472 2681 ita
1516 2593 1757 2704 nectitur,
1807 2613 1863 2685 ut
1907 2590 2195 2684 mutationes

684 2747 830 2873 hujus
857 2747 916 2837 od
948 2745 1080 2838 istius
1104 2746 1396 2838 territorium
1424 2748 1585 2839 statim
1609 2750 1942 2861 traducantur,
1966 2768 2110 2870 atque
2132 2745 2193 2839 ab
2254 2771 2257 2776 ’

615 3021 620 3028 ,
686 2904 846 2994 anima
877 2901 1224 3028 percipiantur,
1252 2924 1300 2995 et
1325 2903 1423 2995 vice
1452 2936 1590 2997 versa.
1627 2906 1702 2997 De
1729 2903 2081 3030 pathematibus
2109 2903 2193 2994 imi

685 3059 860 3152 ventris
898 3058 948 3149 in
997 3058 1202 3150 sectione
1244 3057 1381 3149 tertia
1421 3060 1748 3153 dissertaturus
1790 3093 1920 3152 casus
1957 3058 2194 3186 allegabo,

686 3216 863 3340 quibus
895 3213 1162 3344 sympathia
1199 3215 1287 3317 iste
1323 3213 1377 3307 in
1404 3237 1531 3308 statu
1560 3218 1780 3312 morboso
1805 3215 2093 3310 'sufficienter
2123 3217 2197 3309 de

685 3371 901 3465 claretur.
1938 3373 1942 3380 ’

762 3520 827 3619 5?
861 3527 936 3620 Ad
966 3525 1392 3654 ingeniosissimum
1420 3560 1620 3655 provoco
1643 3513 1970 3659 physiologum
1996 3517 2082 3655 pro
2110 3549 2198 3620 sta-

685 3679 898 3778 biliendo
934 3684 983 3776 in
1013 3683 1166 3820 animi
1188 3679 1547 3825 patltematibos
1581 3688 1714 3781 nervi
1741 3669 2080 3817 sympatlzetici
2110 3717 2196 3778 usu

686 3859 831 3972 atque
845 3833 1195 3966 functionibus.

762 3999 912 4093 Nemo
941 4017 1063 4090 certe
1088 3995 1257 4091 melius
1288 3998 1345 4124 in¹
1365 3997 1523 4124 aprico
1551 4000 1710 4126 posuit
1737 3997 2071 4124 phaenomena,
2094 4029 2199 4121 quae

651 4265 653 4270 ¹
689 4153 855 4247 subitae
877 4151 1200 4278 impressiones
1224 4177 1369 4279 atque
1390 4157 1564 4249 mentis
1587 4155 1778 4249 affectus
1805 4156 1855 4246 in
1879 4154 2031 4246 nervis
2059 4155 2200 4246 abdo-

691 4307 836 4402 minis
854 4306 1078 4424 cxcitant,
1096 4339 1243 4432 quam
1264 4310 1603 4405 illustrissimus
1623 4308 1794 4404 Biclat
1809 4310 1840 4419 ¹;
1863 4343 2005 4402 nemo
2023 4311 2198 4438 egregio

691 4465 790 4558 viro
817 4462 987 4557 melius
1006 4487 1224 4558 centrum
1249 4499 1498 4561 nervosum
1517 4469 1622 4562 vitae
1643 4470 1867 4598 organicae
1888 4465 2198 4594 (vegetativae)

677 4618 973 4749 indigitavit.
1014 4620 1105 4714 Sed
1137 4623 1188 4713 in
1211 4656 1266 4715 eo
1299 4641 1467 4718 errasse
1491 4626 1611 4718 mihi
1637 4626 1761 4716 visus
1783 4645 1850 4716 est
1874 4621 2201 4716 celeberrimus

691 4751 1014 4904 physiologus,
1060 4778 1189 4901 quod
1228 4809 1411 4909 organa
1452 4777 1666 4910 guerrico
1705 4814 1790 4907 pro
1829 4780 1931 4870 foco
1975 4779 2200 4870 admittat

694 4933 797 5024 vitae
817 4932 1062 5060 organicae,
1087 4955 1135 5026 et
1152 4931 1206 5026 iis
1225 4939 1406 5064 organis
1425 4940 1630 5068 actiones
1647 4937 1900 5050 adscribat,
1921 4965 2025 5057 qnae
2041 4934 2200 5060 potius

739 5277 751 5324 ·⁸
775 5267 923 5349 Butae,
945 5271 1333 5372 Becherclrertplaysiol.
1352 5302 1417 5344 orer
1439 5285 1475 5345 la
1498 5277 1552 5347 uie
1575 5289 1611 5345 et
1631 5284 1667 5343 la
1692 5288 1810 5354 mort,·
1830 5299 1867 5362 p.
1888 5281 1941 5341 61.
