5080 6812
1052 653 1124 759 ,215

338 879 481 976 ramis
512 879 608 973 suis
642 877 947 972 comitantur.
1006 877 1081 970 De
1114 908 1233 970 rena
1272 897 1520 1003 portarum
1558 877 1642 970 diu
1677 907 1847 1004 anceps

337 1037 472 1154 haesi,
512 1059 679 1130 utrum
727 1031 945 1142 nervulos
981 1034 1178 1161 accipiat
1216 1013 1454 1163 proprios.
1506 1032 1682 1161 Saepius
1707 1066 1847 1146 ,uenae

337 1211 585 1322 portarum
628 1212 901 1319 prosecutus
933 1223 1050 1310 ,sum
1092 1222 1246 1283 ramos
1289 1222 1439 1313 usque
1481 1191 1541 1283 ad
1586 1191 1846 1320 marginem

337 1349 520 1477 hepatis
566 1349 816 1461 obtusum,
867 1376 1022 1468 neque
1064 1343 1162 1464 ulla
1213 1345 1327 1454 retia
1370 1347 1585 1475 detegere
1633 1369 1846 1473 poteram

339 1504 450 1598 istos
476 1502 840 1617 circumdantia,
869 1532 955 1594 nec
977 1498 1189 1594 surculos
1224 1501 1333 1628 ipsis
1364 1522 1575 1594 accretos.
1611 1502 1847 1618 Tandem,

338 1659 553 1756 solertius
577 1660 634 1762 ¹in
668 1657 926 1765 honorem
961 1655 1209 1780 inquirens
1239 1678 1384 1780 atque
1414 1657 1848 1786 dextrumhcpatis
1879 1657 1883 1664 ’

339 1814 508 1910 lobum
541 1815 837 1928 examinans,
873 1833 964 1906 tres
986 1811 1194 1906 ramulos
1224 1812 1510 1939 deprehendi
1539 1846 1565 1904 e
1596 1814 1738 1943 plexu
1772 1814 1849 1908 hc·

338 1974 461 2099 patis
487 1972 711 2068 anteriori
746 1971 806 2061 ad
835 1999 964 2063 venae
990 1959 1238 2094 portarum
1260 1985 1463 2062 'ramum
1499 1970 1717 2080 dextrum
1750 1992 1849 2084 ten-

341 2128 526 2242 dentes,
557 2158 766 2250 quorum
791 2125 994 2248 quisque
1028 2124 1081 2216 in
1113 2145 1204 2216 tres
1231 2156 1312 2216 seu
1345 2146 1552 2247 quatuor
1574 2122 1849 2240 findebatur

340 2258 574 2398 surculos,
598 2283 705 2407 qui,
724 2284 777 2388 in
799 2279 892 2390 tela
913 2277 1131 2372 cellulosa
1160 2280 1332 2400 extima
1350 2310 1579 2374 venarum
1605 2282 1849 2378 decurren-

342 2461 435 2555 tes,
467 2461 573 2565 post
601 2437 784 2566 pollicis
823 2436 968 2530 unius
997 2438 1207 2564 spatium
1241 2435 1388 2529 oculis
1425 2470 1473 2530 se
1507 2437 1848 2552 subducebant

411 2600 453 2715 5.
482 2600 562 2710 34.
598 2595 859 2691 Nervorum
887 2591 1024 2686 lienis
1045 2592 1304 2708 intricatio,
1334 2625 1416 2685 seu
1437 2588 1626 2730 plexus
1641 2590 1848 2711 lienolis,

342 2781 489 2874 quam
514 2750 857 2844 evidentissime
876 2779 911 2839 e
939 2748 1126 2841 duobus
1152 2747 1380 2841 fasciculis
1409 2750 1585 2842 nerveis
1610 2755 1850 2878 componi.-

342 2927 443 3022 tur,
470 2937 678 3031 quorum
710 2937 840 2998 unus
861 2901 1070 3010 ¹funiculi
1093 2903 1366 2996 stomachici
1395 2906 1542 2997 dextri
1573 2904 1722 3032 (paris
1748 2909 1848 3036 vagi

334 3061 517 3181 dextri)
541 3084 608 3156 est
623 3095 845 3194 propago,
863 3060 980 3170 alter
995 3093 1106 3154 vero
1122 3095 1147 3152 e
1164 3059 1348 3188 ganglio
1366 3060 1641 3154 semilunari
1660 3062 1848 3172 sinistro

342 3220 585 3346 egreditur.
631 3216 872 3347 Ganglion
902 3220 1123 3314 dextrum
1141 3217 1345 3318 'nullum
1375 3218 1618 3314 ramulum
1646 3221 1707 3328 ad
1736 3244 1851 3316 arte·

341 3373 460 3466 riam
491 3374 747 3503 splenicam
778 3374 971 3504 ablegat

415 3531 528 3624 Duo
556 3532 630 3629 isti
670 3511 901 3648 fasciculi,
936 3530 1028 3627 filis
1058 3534 1409 3626 anastomoticis
1443 3535 1568 3627 inter
1594 3565 1641 3626 se
1671 3533 1848 3661 juncti,

342 3687 562 3780 arteriam
597 3688 818 3782 lienalem
844 3689 1028 3794 ¹retibus
1059 3689 1403 3824 circumdant,
1424 3690 1555 3783 haud
1587 3711 1711 3785 arcte
1742 3723 1848 3800 ¹vero

343 3847 519 3938 tunicis
545 3878 761 3940 vasorum
790 3868 1070 3940 accrescunt.
1106 3845 1235 3939 Cum
1265 3848 1327 3938 ad
1352 3845 1518 3938 hilum
1535 3846 1671 3940 lienis
1697 3847 1851 3972 perte

338 4024 546 4119 nerunt,
584 4004 681 4094 duo
714 4001 887 4095 ramuli
919 4004 1098 4096 nervosi
1134 3999 1342 4130 singulos
1375 4003 1551 4096 arteriae
1589 4036 1742 4096 ramos
1779 4036 1850 4095 co-

344 4156 591 4282 mitantur.
634 4159 814 4251 Verum
846 4159 920 4250 isti
953 4159 1084 4252 haud
1118 4157 1244 4274 ultra
1278 4155 1535 4250 secundam
1570 4158 1848 4269 divisionem

344 4316 630 4442 procedunt,
658 4316 761 4429 sed,
796 4315 986 4408 arterias
1017 4316 1294 4431 deserentes,
1328 4314 1684 4443 parenchymati
1712 4313 1849 4409 lienis

343 4502 437 4562 sese
466 4469 739 4566 admiscent.
767 4469 967 4593 Aliquot
989 4471 1165 4564 surculi
1191 4471 1427 4565 tenuiores
1455 4470 1543 4563 suh
1571 4469 1848 4562 membrana

338 4625 482 4736 ,lienis
509 4628 681 4722 extima
706 4631 799 4720 sese
827 4628 1129 4744 subducunt,
1168 4628 1330 4751 ibique
1362 4648 1655 4720 evanescunt.

418 4782 683 4891 Filamenta
721 4783 895 4911 splenis
928 4786 1143 4878 tenuiora
1179 4785 1300 4877 mihi
1338 4783 1560 4876 videntur
1589 4815 1642 4874 ac
1675 4780 1847 4896 ramuli

341 4940 549 5036 aliorum
575 4974 883 5069 organorum.
937 4944 1081 5036 Venae
1118 4941 1312 5036 nullum
1343 4939 1590 5064 surculum
1624 4971 1848 5058 nerveum

342 5097 701 5193 nanciscuntur.
841 5192 845 5198 ,

348 5335 354 5342 .
420 5250 520 5346 Fila
539 5285 808 5371 numerosa,
827 5255 936 5348 satis
954 5251 1107 5374 firma,
1128 5253 1344 5379 quamvis
1362 5254 1653 5370 tenuissima,
1666 5286 1691 5345 a
1706 5249 1847 5381 plexu

1493 5415 1520 5521 l
