5080 6812
1093 731 1159 849 49

440 945 575 1070 §.Gn
596 946 753 1040 Faetus
768 973 886 1054 mas,
903 938 1455 1068 septimestris,ponderis
1466 936 1698 1030 librarum
1712 938 1878 1054 trium,

369 1100 681 1232 longitudinis
720 1099 949 1226 pollicum
987 1096 1210 1214 sedecim,
1249 1094 1491 1222 sequentia
1525 1093 1647 1188 mihi
1679 1095 1881 1221 praebuit

370 1282 543 1352 notatu
572 1259 725 1383 digna.

444 1411 685 1540 Ganglion
715 1410 933 1504 cervicale
959 1409 1196 1536 primum,
1223 1430 1328 1502 octo
1354 1409 1501 1502 lineas
1522 1406 1741 1536 longum,
1769 1441 1883 1510 cras

370 1571 523 1664 sitiem
557 1567 731 1661 habuit
765 1567 900 1660 lineae
936 1564 1080 1658 unius
1117 1596 1230 1656 cum
1270 1567 1405 1657 tertia
1435 1585 1607 1690 parte:
1637 1564 1806 1657 exibat.
1827 1600 1881 1660 cx

372 1759 426 1818 eo
456 1758 616 1818 ramus
649 1723 832 1838 mollis,
870 1722 1036 1836 ruber,
1073 1721 1250 1814 lineam
1286 1721 1536 1813 dimidiam
1575 1753 1778 1836 crassus,
1822 1723 1882 1814 ad
2002 1839 2004 1842 .
2075 1781 2079 1784 -

372 1882 590 1974 arteriam
608 1881 864 1973 carotidem
879 1900 1134 1971 externam.
1156 1875 1396 2004 Ganglion
1411 1874 1630 1968 cervicale
1646 1877 1882 1993 medium,

371 2070 523 2130 unam
568 2070 680 2129 cum
727 2034 924 2127 dimidia
969 2033 1146 2124 lineam
1192 2031 1425 2160 longum,
1472 2016 1553 2162 ssd
1598 2031 1733 2124 lineae
1773 2034 1886 2128 den-

370 2225 502 2305 sum,
534 2221 733 2284 nervum
770 2190 918 2281 edidit
948 2188 1216 2280 cardiacum
1255 2186 1591 2312 principalem:
1642 2186 1882 2315 Ganglion

373 2346 591 2440 cervicale
629 2346 885 2458 ultimum,
924 2343 1109 2472 ganglio
1150 2342 1386 2435 thoracico
1419 2345 1577 2468 primo
1620 2344 1883 2442 admodum

371 2504 614 2614 vicinum,
651 2500 1088 2627 semipellucidum‚
1130 2500 1190 2591 ad
1233 2499 1483 2592 dimidiam
1525 2499 1659 2594 lineae
1700 2524 1883 2627 partem

373 2688 608 2770 crassum,
640 2655 991 2782 longitudinem
1030 2653 1202 2745 habuit
1237 2652 1373 2746 lineae
1403 2627 1577 2769 unius,
1617 2679 1663 2749 et
1695 2660 1885 2750 tenerri-
2033 2653 2036 2661 ’

372 2846 511 2906 mum
546 2812 694 2904 edidit
723 2807 862 2910 filum
895 2809 956 2902 ad
982 2809 1296 2936 oesophagum.
1355 2809 1515 2902 Portio
1543 2813 1671 2904 nervi
1704 2845 1885 2943 sympa-

373 2968 536 3064 thetici
571 2967 803 3062 cervicalis
834 2967 884 3058 in
913 2997 1078 3094 genere
1109 2989 1208 3060 erat
1239 2986 1413 3084 torosa,
1447 2965 1590 3059 rubra
1621 2989 1696 3084 et,
1732 2992 1788 3065 ut
1819 2972 1884 3065 ita

374 3126 553 3238 dicam,
584 3125 705 3217 bene
735 3122 932 3215 exculta.
1844 3101 1848 3109 ¹

446 3281 647 3410 Ganglia
679 3279 913 3373 thoracica
942 3281 1057 3372 adeo
1092 3301 1228 3373 erant
1261 3281 1350 3374 sibi
1383 3281 1586 3375 invicem
1611 3284 1788 3399 vicina,
1827 3307 1885 3379 ut

373 3436 527 3530 latum
554 3459 783 3529 truncum
796 3465 1032 3527 'nerveum
1061 3433 1390 3550 efformarent;
1419 3437 1646 3531 albidiora
1677 3461 1883 3532 ceterum

374 3615 512 3686 erant
546 3589 846 3683 cervicalibus
878 3613 926 3683 et
953 3591 1045 3684 lere
1077 3589 1398 3718 splendentia,
1436 3595 1575 3687 sicuti
1611 3594 1764 3688 solent
1794 3629 1888 3690 esse

376 3746 505 3841 fibrae
535 3748 892 3874 aponeuroti'cae.

445 3906 624 4000 Nervus
658 3903 994 4029 splanchnicus
1025 3904 1179 4029 major
1211 3905 1492 4031 conspicuus
1524 3905 1677 3999 tribus
1708 3939 1886 4002 enasce-

373 4061 516 4154 batur
549 4060 784 4153 radicibus
810 4060 1049 4188 egangliis
1077 4060 1322 4154 thoracicis
1353 4084 1538 4175 octavo,
1573 4031 1703 4156 nono
1734 4086 1782 4156 et
1812 4065 1888 4156 de-

373 4218 521 4331 cimo,
557 4239 605 4308 et
637 4217 687 4307 in
721 4215 940 4345 ganglion
974 4214 1233 4311 finiebatur
1270 4216 1554 4311 semilunare
1592 4221 1884 4340 rotundum,
1984 4214 1988 4220 ¹

375 4372 510 4467 lineae
538 4371 683 4464 unius
712 4373 943 4464 diametri.

449 4533 505 4623 ln
537 4529 658 4656 pelvi
689 4529 862 4621 iterum
896 4551 1096 4623 truncus
1123 4531 1253 4624 nervi
1281 4528 1610 4657 sympathetici
1641 4531 1782 4624 ruber
1807 4564 1887 4660 ap

373 4687 556 4816 paruit,
595 4707 781 4777 tumet
809 4685 990 4813 ganglia
1027 4685 1270 4778 lumbalia.

448 4845 505 4934 In
539 4842 742 4934 transitu
778 4841 963 4957 dicam,
1004 4840 1144 4934 illum
1183 4843 1370 4954 foetum,
1407 4863 1615 4935 amatre
1648 4840 1882 4969 phthisica

372 4999 612 5127 genitum,
646 4997 879 5124 singulare
913 4997 1159 5124 praebuisse
1187 4995 1535 5123 spectaculum,
1573 5029 1746 5127 nempe
1779 5007 1886 5099 vitae
1985 4989 1989 4998 i

371 5171 457 5283 per
476 5177 653 5281 septem
674 5153 813 5245 horas
836 5155 1082 5279 protractae
1106 5186 1218 5245 cum
1241 5153 1545 5280 respiratione
1563 5177 1610 5246 et
1634 5157 1884 5284 vagitibus,

374 5311 590 5435 quamvis
622 5309 893 5435 pulmones,
925 5332 1024 5403 tam
1056 5310 1222 5438 integri
1252 5341 1399 5432 quam
1427 5310 1477 5401 in
1498 5310 1698 5405 frustula
1726 5314 1881 5434 divisi,

1524 5501 1548 5589 7
