5076 6816
1372 683 1468 791 ¹¹4

670 886 814 1012 ipsius
838 884 1010 1010 cerebri
1036 885 1305 982 functiones
1327 891 1460 1014 quasi
1486 889 1730 1014 suseipiat3
1764 869 1893 1013 quod
1918 883 2036 983 'vires
2051 912 2176 1016 pate·-

669 1039 791 1134 fiant
820 1040 1038 1164 insolitae,
1069 1043 1333 1166 dequibus
1368 1044 1555 1138 nullam
1588 1063 1977 1168 unquamantea
2011 1043 2179 1137 habui·

669 1225 778 1290 mus
799 1198 975 1313 ideam,
1002 1219 1050 1290 et
1067 1231 1184 1323 quas
1206 1201 1428 1292 admirari
1449 1202 1665 1326 quidem,
1689 1200 1768 1293 sed
1788 1199 1919 1292 haud
1950 1199 2178 1327 explicare

669 1383 950 1478 possumus·
973 1353 1016 1446 A
1049 1355 1231 1448 medico
1258 1357 1437 1471 amico,
1469 1377 1663 1448 naturae·
1680 1354 1967 1482 sagacissimo
1996 1356 2179 1449 investi-

668 1529 849 1635 gatore,
869 1510 930 1602 ab
949 1511 1082 1601 omni
1099 1533 1416 1638 praeconcepta
1436 1511 1662 1638 opinione
1679 1508 1854 1624 alieno,
1878 1531 2022 1634 atque
2040 1508 2177 1603 nullo
2329 1599 2333 1606 .

672 1664 816 1755 modo
846 1664 898 1756 in
926 1697 1129 1758 errorem
1158 1669 1376 1782 inducto,
1413 1664 1608 1761 relatam
1637 1664 1791 1792 accepi
1821 1664 2012 1793 virginis
2037 1665 2179 1760 bisto-

672 1816 821 1932 riam,
849 1850 954 1942 quae
981 1821 1033 1913 in
1057 1821 1482 1915 somnambulismo
1511 1841 1794 1949 spontaneo,
1829 1821 2047 1913 morboso
2077 1821 2180 1944 qui·

521 2075 526 2084 ,
672 1971 804 2087 dem,
833 1977 911 2067 sed
944 2009 1043 2069 uon
1079 2000 1178 2071 arte
1212 1979 1465 2107 producto,
1504 1978 1770 2072 litterarum
1806 1976 1893 2103 ipsi
1930 1976 2178 2069 missarum

671 2131 889 2255 cognovit
913 2154 1272 2260 argumentum,
1298 2166 1402 2258 quae
1425 2134 1641 2228 inscienti
1666 2133 1726 2225 ad
1744 2130 2063 2226 scrobiculum
2085 2164 2181 2224 cor·

672 2281 743 2374 dis
766 2283 994 2411 impositae
1017 2289 1206 2381 fuerant
1228 2289 1420 2415 plicatae.
1456 2289 1558 2382 Hoc
1580 2289 1758 2381 factum
1776 2286 2011 2380 similibus
2033 2287 2181 2381 obser·

670 2438 941 2534 vationibus
967 2440 1064 2566 jam
1099 2443 1184 2535 diu
1212 2445 1408 2573 cognitis
1438 2476 1618 2537 novum
1648 2474 1759 2535 sane
1789 2442 1923 2534 addit
1951 2442 2108 2534 robur.

743 2595 854 2690 Non
881 2596 1154 2722 rejiciendas
1177 2632 1269 2691 esse
1292 2631 1454 2694 censeo
1487 2599 1849 2711 observationes,
1872 2628 1977 2722 quae
2006 2597 2180 2690 virium

672 2769 854 2856 naturae
888 2751 1114 2846 humanae
1143 2753 1438 2848 occultarum
1474 2754 1705 2847 declarare
1739 2735 1964 2847 ridentur
1991 2753 2183 2846 existen·

590 2977 593 2987 .
672 2904 811 3014 tiam;
832 2928 975 3030 atque
997 2909 1205 3026 dedecet,
1223 2942 1329 3003 meo
1350 2912 1564 3024 arbitrio,
1583 2911 1823 3004 medicum
1843 2905 2181 3036 philosophum

673 3063 910 3186 aspernari
943 3063 1256 3193 phaenomena
1286 3069 1462 3193 absque
1488 3067 1655 3194 praevia
1687 3066 1907 3195 indagine
1928 3086 2182 3191 et.propter

674 3217 869 3310 unicam
908 3218 1170 3352 rationem,
1209 3224 1339 3347 quod
1375 3224 1658 3319 obscuritate
1688 3223 1786 3316 sint
1821 3241 1971 3335 tecta,
2003 3240 2050 3314 et
2081 3249 2181 3312 non

673 3372 911 3495 quadrent
928 3404 1039 3467 cum
1060 3378 1253 3506 receptis
1273 3379 1519 3506 principiis
1535 3412 1591 3472 ac·
1606 3377 1875 3508 vulgaribus
1892 3374 2181 3470 notionibus.

672 3529 1007 3654 Experimento
1038 3531 1289 3658 ampliora,
1314 3535 1519 3630 candido
1541 3537 1705 3628 animo
1729 3534 1969 3648 instituta,
1990 3563 2076 3624 nos
2095 3531 2183 3624 for·

673 3685 1080 3807 tassedooebunt‚
1109 3689 1228 3812 quid
1256 3692 1561 3785 sentiendum
1583 3692 1645 3785 sit
1666 3693 1725 3783 de
1749 3687 1882 3783 novis
1911 3721 1992 3782 seu
2022 3687 2183 3815 potius

674 3840 906 3932 renovatis
935 3840 1055 3932 circa
1088 3845 1454 3972 magnetismum
1483 3847 1840 3971 questionibus,
1873 3867 1920 3938 et
1945 3843 2086 3969 quale
2114 3843 2184 3936 in·

674 4016 971 4088 crementum
1002 3996 1114 4092 inde
1151 4031 1312 4126 capere
1337 4002 1482 4128 possit
1512 4002 1811 4132 physiologia.

750 4135 818 4242 6.⁰
854 4151 1149 4282 Propositus
1175 4155 1337 4285 itaque
1363 4175 1432 4251 est
1452 4184 1620 4254 nervus
1637 4152 2010 4289 sympatteticus
2037 4153 2180 4251 omni·

680 4299 766 4396 bus
792 4300 1077 4419 actionibus,
1100 4340 1203 4438 quae
1223 4310 1273 4403 in
1300 4344 1592 4442 organorum
1613 4308 1986 4410 abdominatium
2008 4309 2184 4403 intimis

661 4458 804 4598 stunt
839 4455 1066 4568 latebas,-
1100 4465 1218 4578 υἰπι,
1258 4485 1441 4583 tonum,
1472 4463 1648 4577 robur,
1679 4469 1941 4600 energiam,
1960 4465 2182 4598 impertit

679 4616 782 4710 estro
800 4619 1016 4746 organis;
1036 4649 1198 4714 eorum
1202 4625 1484 4750 functiones
1502 4629 1702 4739 excitat,
1718 4641 1952 4720 sustentat
1958 4691 1972 4737 ,
1992 4618 2179 4750 dirigite

680 4790 748 4885 et,
778 4803 803 4865 e
831 4775 1099 4887 contrario,
1122 4807 1204 4874 eas
1230 4774 1415 4893 turbat,
1441 4784 1488 4876 si
1507 4779 1631 4878 male
1652 4777 1866 4911 aclsbctus
1895 4796 1965 4874 est
1989 4779 2099 4909 ipse.

753 4928 1057 5026 Continuum
1086 4934 1344 5066 physiologi
1374 4940 1641 5041 admittunt
1668 4937 1908 5042 influxum
1933 4964 2183 5029 nervosum

682 5079 929 5180 inviscera
958 5085 1315 5217 chylopoietica,
1351 5128 1558 5221 eumque
1586 5127 1844 5224 perennem
1875 5109 2097 5187 statuunt
2132 5090 2183 5184 in

683 5241 1010 5342 functionibus
1033 5276 1137 5368 quae
1163 5250 1222 5341 ad
1245 5250 1391 5346 vitam
1413 5275 1626 5383 spectant
1645 5252 1965 5360 nutrientem;
1990 5248 2133 5364 dum,
2158 5273 2184 5338 e
