5076 6816
1231 775 1236 783 .
1377 629 1472 748 1⁶⁴

618 923 623 932 -
665 877 798 950 sextae
818 876 865 948 et
882 853 1091 981 septimae
1112 871 1248 946 erant
1264 881 1409 965 exesa,
1432 847 1584 968 illaesis
1603 849 1798 973 quidem
1825 853 2179 984 cartilaginibus

669 1009 1128 1107 intervertebralibus
1154 1030 1201 1102 et
1232 1006 1426 1134 spinalis
1455 1006 1674 1100 medullae
1702 1006 1990 1104 velamentis.
2024 1013 2180 1104 Trun-

668 1201 749 1260 cus
779 1167 907 1260 nervi
943 1165 1271 1295 sympathetici
1310 1164 1485 1256 sinistri
1519 1195 1547 1256 a
1580 1186 1704 1256 sexta
1744 1163 1804 1256 ad
1845 1166 2178 1262 duodecimam

666 1324 927 1416 vertebram
951 1322 1093 1449 plane
1112 1344 1211 1414 erat
1234 1321 1514 1433 destructus,
1536 1341 1582 1410 et
1599 1353 1706 1446 pars
1726 1319 1951 1414 lumbalis
1968 1322 2178 1448 ejusdem

619 1479 622 1486 ⁴
669 1480 799 1572 nervi
827 1477 1139 1571 inflammata.
1172 1476 1383 1570 Medulla
1411 1474 1628 1602 spinalis,
1656 1476 1759 1569 loco
1787 1475 1962 1569 carioso
1993 1511 2179 1606 respon·

619 1715 624 1730 ,
668 1636 805 1748 dens,
828 1669 911 1760 per
928 1636 1127 1729 sedecim
1155 1605 1392 1727 linearum
1418 1632 1625 1758 spatium
1649 1631 1851 1724 albidior
1868 1633 2116 1727 videbatur
2131 1655 2179 1728 et

668 1789 923 1918 atrophica.
1366 1883 1368 1888 ,

623 1991 641 2042 .·
741 1950 782 2066 l.
808 1939 918 2038 156.
947 1947 1004 2037 ln
1025 1945 1228 2070 corporis
1247 1944 1526 2036 caritatibus
1546 1964 1755 2037 tumores
1779 1964 2037 2037 occurrunt
2053 1944 2179 2074 glan-

669 2100 847 2216 dulosi,
865 2100 1165 2228 potissimum
1194 2102 1244 2191 in
1270 2099 1551 2191 hominibus
1569 2133 1595 2190 a
1613 2098 1913 2224 scrophulosa
1947 2099 2051 2194 labe
2072 2133 2179 2194 con-

669 2258 935 2378 taminatis,
964 2258 1016 2347 in
1041 2256 1217 2380 quibus
1237 2288 1490 2371 nervorum
1516 2253 1718 2346 funiculi
1738 2254 1808 2347 vel
1834 2257 1983 2348 esede
2008 2257 2177 2350 dimoti

619 2523 623 2531 ³
669 2413 741 2505 rel
766 2411 1012 2542 compressi
1041 2435 1179 2526 sunt,
1205 2411 1434 2504 rarissime
1460 2443 1567 2504 vero
1595 2411 1646 2501 in
1677 2442 1761 2502 sua
1788 2410 2050 2504 substantia
2076 2447 2181 2506 mu-

639 2653 642 2660 .
670 2571 782 2683 tati,
817 2569 855 2662 si
880 2569 1077 2694 excipias
1098 2568 1394 2694 presentiam
1419 2555 1672 2693 adipocerae
1701 2561 1903 2685 durante
1930 2568 2030 2660 vita
2055 2569 2180 2662 inter

671 2756 924 2818 nervorum
957 2724 1161 2817 stamina
1189 2725 1398 2817 lormatae
1425 2743 1568 2846 atque
1603 2721 1829 2848 depositae.

741 2885 783 3001 §.
804 2873 915 3005 157.
946 2881 1003 2972 In
1023 2879 1126 2970 aliis
1147 2878 1447 2973 cadaveribus
1466 2877 1712 2993 tubercula
1730 2910 1871 3005 parva
1892 2878 2178 3006 deprehendi

670 3034 864 3164 gangliis
895 3032 1262 3126 semilunaribus
1296 3032 1579 3146 insidentia,
1614 3055 1662 3129 et
1696 3014 1784 3159 ope
1819 3034 1920 3126 telae
1953 3034 2181 3130 cellulosae

669 3192 821 3285 brevis
837 3190 946 3315 ipsis
965 3219 1093 3279 nexa.
1112 3184 1402 3279 Peculiarem
1421 3186 1666 3280 habebant
1681 3188 1911 3303 indolem,
1933 3192 2182 3284 consisten-

620 3435 622 3442 ,
672 3343 1090 3440 tiammolliorem
1121 3375 1268 3466 quam
1304 3376 1357 3435 ea
1392 3341 1728 3470 glandularum
1769 3345 2180 3474 conglobatarum,

668 3503 876 3620 colorem
900 3534 954 3592 ex
971 3498 1108 3592 luteo
1135 3478 1417 3607 violaceum3
1451 3496 1644 3590 nullum
1667 3532 1745 3591 vas
1764 3499 2111 3629 lymphaticum
2128 3535 2182 3596 ex

616 3758 618 3774 ,
673 3660 738 3752 eis
770 3658 991 3786 prodiens
1027 3655 1202 3748 detexit
1236 3655 1612 3780 microscopium.
1638 3643 1640 3648 ’
1663 3657 1867 3785 Depingi
1897 3659 2053 3751 curavi
2085 3658 2182 3752 haec

675 3812 948 3942 corpuscula
979 3813 1030 3903 in
1068 3811 1209 3938 plexu
1242 3811 1527 3940 deprehensa
1566 3810 1703 3904 solari
1736 3812 1945 3906 hominis
1975 3849 2002 3905 a
2037 3814 2181 3908 colica

673 3971 921 4066 saturnina
947 3965 1134 4060 enecti.¹
1159 3968 1323 4064 Nescio
1341 3999 1592 4094 aneorum
1613 3969 1853 4096 praesentia
1871 3991 2053 4062 statum
2074 4003 2184 4062 con-

613 4229 616 4234 ,
674 4124 1015 4222 tranaturalem
1037 4123 1285 4216 adduxerit
1313 4123 1364 4214 in
1398 4123 1485 4215 isto
1514 4156 1647 4238 casu,
1672 4146 1854 4217 etcum
1876 4127 2043 4218 morbo
2064 4126 2184 4217 indi-

675 4306 779 4376 cato
809 4281 1043 4374 cohaeserit
1053 4319 1065 4390 ;
1095 4282 1277 4374 idvero
1296 4265 1488 4406 probat,
1520 4279 1731 4404 aliquam
1758 4281 1993 4374 actionem
2017 4281 2184 4374 abnor-

677 4471 805 4532 mem
842 4439 893 4529 in
927 4435 1078 4529 nervis
1109 4435 1335 4549 adfuisse,
1368 4467 1473 4559 quae
1499 4468 1583 4564 per
1613 4435 1874 4529 alienatum
1906 4436 2184 4530 nutritionis

678 4595 920 4724 negotium
945 4592 1190 4688 materiem
1221 4591 1462 4724 insolitam
1491 4593 1557 4684 ibi
1590 4567 1865 4726 deposuerit.

613 4835 621 4869 .-
684 4825 690 4838 .
752 4753 930 4844 Iterum
967 4746 1252 4873 deprehendi
1292 4748 1376 4840 ista
1409 4748 1683 4874 corpuscula
1714 4750 1766 4839 in
1798 4751 2016 4842 cadavere
2040 4751 2125 4843 viri
2155 4784 2183 4842 a

678 4906 855 5002 scirrho
876 4902 1125 5046 ventriculi
1154 4903 1344 5006 mortui.
1378 4903 1558 5038 Majora
1580 4925 1716 5000 erant
1737 4937 1791 5002 ac
1818 4904 1870 4998 in
1889 4906 2036 5042 priori
2056 4938 2184 5022 casu,

730 5264 737 5291 ¹
762 5259 895 5323 Tabula
917 5257 1059 5324 decima·
