5080 6812
1386 661 1448 754 70

664 851 979 946 detineantur.
1029 845 1209 973 Viginti
1251 843 1436 938 dicrum
1479 842 1599 935 forte
1643 844 1901 966 requiritur
1932 847 2167 971 spatium,

666 1040 763 1132 quo
794 1027 892 1100 tota
921 1002 1092 1132 ganglii
1121 1032 1361 1128 compages
1395 1000 1447 1092 in
1479 999 1775 1124 adipoceram
1809 1001 2062 1128 degeneret
2133 1021 2136 1027 '

737 1167 777 1282 5.
814 1160 896 1254 88.
939 1159 1169 1254 Accedam
1211 1157 1404 1250 tandem
1443 1155 1502 1248 ad
1541 1149 1772 1284 plcauum
1818 1156 2171 1283 dispositionem
2275 1257 2280 1274 ,

668 1343 812 1442 atquc
841 1317 1079 1416 fabricam.

740 1475 1023 1604 Docuerunt
1059 1469 1398 1567 ohservationes
1430 1467 1728 1561 illustrissimi
1761 1463 1979 1598 Scarpcm
2015 1501 2173 1561 nervo

672 1662 781 1726 rum
806 1628 1208 1756 complicationes,
1232 1657 1349 1747 quas
1365 1619 1540 1754 plexus
1560 1622 1820 1749 appellant,
1845 1657 1954 1715 cum
1980 1623 2172 1750 gangliis

670 1807 908 1882 structura
920 1806 966 1878 et
978 1815 1178 1880 munere
1194 1781 1454 1875 admodum
1475 1779 1742 1894 convenire,
1762 1781 1895 1892 adeo,
1917 1800 1973 1869 ut
1990 1753 2170 1904 ganglia

671 1935 1148 2068 plausuum-speciem,
1175 1959 1224 2032 et
1251 1935 1413 2062 plexus
1435 1934 1728 2062 gangliorum
1758 1936 1999 2058 quoddam
2027 1967 2173 2059 genus

673 2107 1011 2225 repraesentent.
1038 2159 1058 2200 ,
1076 2095 1133 2188 ln
1152 2090 1365 2219 plexibus
1383 2091 1532 2206 enim,
1548 2092 1616 2184 ait
1636 2093 1807 2184 citatus
1824 2113 2011 2202 auctor,
2026 2089 2171 2181 veluti

673 2318 693 2360 ,
746 2254 799 2344 in
823 2249 1041 2379 gangliis,
1069 2248 1219 2362 nervi,
1246 2246 1541 2372 expluribus
1567 2246 1679 2340 locis
1700 2248 1974 2370 diversaque
1998 2245 2172 2372 origiue

673 2453 692 2512 ὰ
744 2408 1060 2521 advenientes,
1084 2405 1174 2502 sub
1201 2403 1340 2498 initio
1366 2404 1622 2518 uniuntur,
1646 2404 1697 2496 in
1720 2426 1880 2496 centro
1899 2401 2170 2516 miscentur,

673 2630 692 2670 ,
744 2564 804 2657 ad
853 2563 1032 2654 exitum
1080 2594 1196 2688 saepe
1242 2561 1293 2685 in
1337 2561 1658 2655 numerosiora
1710 2557 1953 2652 filamenta
2007 2558 2173 2684 disper·

672 2782 691 2822 ,
744 2716 1000 2812 ciuntur.¹’
1043 2825 1048 2836 ,
1130 2736 1135 2747 ’

745 2874 882 2966 Hanc
911 2873 1064 2966 ideam
1101 2875 1455 3000 quodammodo
1492 2870 1781 2966 confirmant
1813 2872 2173 2985 observationem

672 3063 790 3154 quas
816 3031 990 3123 viterata
1017 3031 1115 3123 vice
1154 3030 1340 3124 institui
1374 3031 1492 3123 circa
1520 3031 1702 3161 ganglia
1742 3063 1992 3124 nervorum
2023 3029 2174 3156 spina·

672 3186 806 3280 lium.
850 3189 915 3280 Ea
947 3186 1120 3280 scilicet
1145 3186 1350 3316 ganglia,
1378 3221 1481 3311 quae
1511 3190 1562 3281 in
1589 3189 1759 3282 cervice
1788 3191 1937 3311 atque'
1962 3187 2012 3277 in
2044 3217 2175 3311 supe·

673 3343 781 3434 riori
811 3344 957 3470 spiuae
980 3345 1103 3436 dorsi
1131 3367 1262 3470 parte
1292 3351 1407 3436 sunt
1427 3346 1548 3458 sita,
1577 3379 1679 3437 vera
1704 3345 1889 3437 sistunt
1905 3339 2173 3449 tubercula3

674 3496 754 3590 illa
788 3532 917 3612 vero,
956 3533 1059 3623 quae
1092 3522 1389 3623 sequuntur,
1423 3503 1713 3628 pedetentim
1753 3502 1992 3627 incipiunt
2032 3497 2173 3589 lax'ari

672 3674 817 3778 atquc
845 3655 1051 3770 dissolvi,
1080 3657 1216 3772 adeo,
1245 3679 1301 3750 ut
1327 3657 1509 3785 ganglia
1538 3689 1789 3750 nervorum
1817 3655 2045 3748 lumbalia
2074 3635 2188 3744 non*

674 3809 879 3937 amplius
914 3813 1062 3904 nodos
1093 3835 1421 3939 repraesentent
1459 3845 1693 3930 petrosos,
1731 3815 1810 3906 scd
1846 3845 1974 3905 veros
2011 3808 2176 3902 consti-

677 3987 818 4058 tuant
852 3965 1024 4092 plexus.

745 4121 1076 4217 'Nihilominus
1102 4156 1202 4218 non
1237 4125 1539 4218 diffitendum
1571 4148 1665 4240 est,
1697 4125 1749 4217 in
1772 4123 1967 4252 gangliis
1994 4121 2176 4244 aliquid

681 4276 907 4394 inveniri,
942 4283 1074 4403 quod
1107 4282 1160 4371 in
1184 4281 1397 4407 plexibus
1424 4279 1595 4374 deficit.
1635 4282 1819 4395 Primo,
1851 4279 2008 4372 multo
2035 4277 2179 4370 subti-

681 4433 771 4525 lior
800 4457 867 4528 cst
901 4433 1255 4532 filamentorum
1288 4441 1478 4550 mixtim
1512 4442 1646 4554 dein,
1676 4473 1812 4532 succo
1841 4458 2048 4550 scatent,
2078 4436 2179 4527 sinc

682 4589 830 4682 dubio
854 4623 881 4682 a
903 4596 1161 4687 numerosis
1183 4596 1304 4689 vasis
1323 4618 1494 4690 secreto
1514 4637 1529 4689 ι
1550 4598 1628 4689 sed
1657 4597 1887 4723 praecipua
1918 4589 2178 4685 differentia

685 4745 736 4834 in
759 4747 953 4838 materia
978 4746 1091 4842 latct'
1115 4773 1400 4868 tomentosa,
1429 4751 1595 4846 coloris
1619 4737 1931 4846 cinercoila'vi
1950 4771 1998 4840 et
2017 4744 2182 4874 paulu-

686 4897 791 4993 lum
814 4903 1082 5021 adustioris,
1106 4938 1210 5030 quae
1240 4909 1292 5000 in
1315 4908 1535 5036 plexibus.
1555 4940 1655 5002 non
1683 4908 1897 5001 occurrit.
1926 4903 1979 5000 'Si
1999 4900 2179 5032 ganglia

735 5245 743 5272 ¹
768 5245 891 5308 Annos
912 5253 999 5311 anat.
1024 5249 1066 5310 de
1083 5251 1250 5338 gangliis,
1267 5245 1442 5342 piael‘atio,
1464 5279 1498 5341 p.
1519 5259 1549 5320 6.
