5076 6816
1093 619 1186 720 rob

380 873 589 968 quorum
627 842 890 938 ventriculo
932 839 1219 936 solutionem
1261 837 1562 938 arsenicalem
1609 843 1887 978 ingesserat,

379 1029 507 1122 quae,
527 1000 598 1094 uti
627 1022 799 1094 notum
826 1020 918 1112 est,
940 999 1245 1105 secretionem
1268 1000 1393 1102 succi
1417 1002 1598 1128 gastrici
1626 1005 1888 1100 admodum
1984 1041 1990 1052 ’

379 1177 635 1280 promovet.
682 1152 1097 1249 Invenitinhisce
1126 1153 1415 1246 animalibus
1441 1157 1656 1250 tunicam
1675 1159 1888 1254 villosam

379 1308 756 1427 inflammatam,
791 1312 877 1416 sed·
906 1307 1092 1402 nullam
1128 1279 1252 1406 succi
1285 1311 1467 1437 geserici
1506 1314 1705 1438 copiam.
1751 1317 1888 1410 Curi

379 1465 506 1581 Quia
525 1471 705 1562 resectis
722 1466 873 1562 nervis
890 1467 957 1560 vis
973 1467 1215 1561 secretoria
1231 1468 1518 1562 membranae
1534 1501 1734 1564 mucosae
1746 1471 1889 1600 plane

377 1615 562 1730 sublata
594 1645 704 1718 erat.
730 1723 733 1732 ,
1084 1706 1109 1710 κ.
1642 1719 1646 1728 .

449 1777 499 1872 Si
525 1773 838 1910 physiologica
863 1795 1008 1903 atquc
1037 1772 1671 1906 pathologicaphaenomena
1694 1813 1888 1910 perpen-

379 1933 569 2051 dimus,
618 1937 725 2059 quis
768 1937 941 2048 nescit,
990 1968 1017 2026 a
1057 1933 1153 2026 sola
1207 1934 1558 2061 imaginatione,
1583 1939 1889 2048 secretionem

378 2086 642 2183 humorum
672 2093 723 2184 in
746 2089 982 2219 glandulis
998 2090 1193 2218 augeri?
1234 2087 1471 2203 Quisnam
1503 2123 1667 2219 negare
1691 2087 1886 2220 poterit,

381 2244 442 2336 ab
462 2247 612 2338 animi
634 2247 986 2373 pathcmatibus
1010 2245 1081 2338 lac
1101 2266 1397 2361 maternum,
1422 2246 1658 2340 blandum
1678 2283 1732 2341 ac
1751 2251 1888 2345 dulce
2016 2309 2020 2320 ·

382 2399 578 2495 infantis
607 2405 985 2514 nutrimentum,
1018 2401 1176 2495 subito
1206 2400 1257 2491 in
1290 2427 1530 2494 venenum
1560 2389 1735 2496 mutari
1770 2429 1888 2500 atro·

380 2555 654 2650 tissimum?
675 2557 817 2655 Nulla
840 2579 961 2648 certe
980 2555 1093 2668 alia,
1119 2579 1285 2682 practer
1308 2589 1492 2673 nervos,
1516 2559 1694 2650 dantur
1717 2561 1888 2657 instru-

379 2734 564 2827 menta,
602 2743 811 2839 quorum
846 2744 934 2841 ope
973 2712 1024 2804 in
1061 2744 1233 2841 organa
1272 2711 1367 2840 agit
1404 2712 1757 2818 irritamentum
1787 2751 1889 2848 psy-

378 2868 581 2974 chicum.
1149 2889 1152 2896 ‘

455 3020 520 3119 3.⁰
555 3027 771 3150 Imperat
810 3058 979 3123 nervus
1015 3019 1387 3157 ampartertcus
1425 3021 1581 3120 cordis
1621 3003 1804 3124 actioni
1839 3007 1888 3126 rt

379 3177 683 3276 circulationt'
708 3184 977 3311 sanguinis:
1358 3298 1359 3302 Ν

451 3340 827 3434 Numerosissimi
867 3369 1120 3432 nervorum
1161 3339 1304 3453 rami,
1346 3372 1400 3432 ex
1441 3361 1646 3463 utroque
1683 3345 1888 3468 corporis

379 3493 522 3588 latere
544 3496 604 3588 ad
633 3528 712 3587 cor
738 3517 1064 3621 properantes,
1094 3496 1145 3585 in
1168 3493 1331 3620 plexus
1357 3494 1629 3626 spectabiles
1656 3498 1889 3624 ordinati,

378 3653 568 3744 arterias
603 3652 868 3744 coronarias
900 3652 1201 3764 comitantes,
1232 3649 1362 3742 haud
1397 3652 1457 3742 ad
1488 3683 1590 3743 vasa
1621 3649 1887 3778 pertinent,

377 3807 499 3900 sicut
520 3801 812 3933 putaverunt
838 3805 1126 3898 celeberrimi
1153 3805 1239 3897 viri
1267 3802 1573 3936 Soemmering
1603 3828 1747 3931 atque
1771 3805 1887 3920 Bet-

378 3959 537 4073 rends,
570 3963 647 4054 sed
679 3995 765 4088 pro
793 3993 961 4088 magna
988 3983 1122 4087 parte
1154 3961 1207 4053 in
1239 3993 1379 4064 carne
1407 3961 1664 4082 musculari
1703 3965 1888 4072 eviden-

378 4119 552 4210 tissime
581 4118 916 4232 terminantur.
953 4115 1085 4231 Quid
1111 4116 1220 4209 licet
1241 4151 1295 4210 ex
1319 4118 1406 4210 isto
1430 4117 1551 4210 facto
1574 4117 1884 4224 concluderet

272 4277 275 4282 “
331 4389 334 4398 ¹
379 4274 481 4378 Hoc
516 4297 657 4388 certe,
689 4307 853 4368 nervos
888 4274 1123 4408 cardiacos
1156 4276 1321 4367 eodem
1359 4307 1406 4366 se
1431 4274 1611 4372 ¹habere
1645 4279 1789 4382 modo
1823 4279 1885 4370 ad

378 4426 549 4523 fibram
573 4433 741 4544 cordis,
770 4465 824 4523 ac
845 4432 975 4525 nervi
1001 4431 1251 4524 cerebrales
1274 4453 1321 4525 et
1346 4430 1548 4557 spinales
1566 4434 1626 4524 ad
1646 4433 1886 4541 musculos

376 4585 611 4678 voluntati
644 4587 923 4680 obedientes.
970 4589 1156 4706 Fateor,
1184 4609 1328 4711 atque
1354 4587 1727 4716 ephysiologicis
1754 4622 1884 4715 expe

378 4744 594 4836 rimantis
631 4745 774 4836 modo
807 4744 1004 4837 narratis
1037 4745 1275 4868 sequitur,
1318 4741 1633 4838 differentiam
1669 4743 1882 4868 aliquam

379 4899 661 4992 intercedere
693 4900 818 4992 inter
844 4902 960 4994 duas
989 4901 1096 4993 istas
1133 4928 1385 4992 nervorum
1419 4897 1600 5015 classes,
1639 4932 1693 4990 ex
1724 4932 1775 5036 ea
1803 4933 1884 5026 po-

377 5055 612 5148 tissimum
645 5057 849 5171 ratione,
895 5057 1007 5180 quia
1042 5057 1236 5182 priores,
1270 5054 1466 5148 stimulo
1495 5053 1650 5148 alieno
1687 5056 1880 5172 irritati,

377 5239 479 5303 non
498 5213 716 5335 eundem
753 5235 947 5308 motum·
977 5213 1189 5332 viridum
1225 5213 1278 5306 in
1318 5245 1397 5306 cor
1429 5213 1705 5340 producunt
1739 5221 1792 5304 ac
1828 5213 1879 5303 in

1494 5375 1553 5484 ¹4
