<?xml version="1.0" encoding="UTF-8"?>
<!DOCTYPE html PUBLIC "-//W3C//DTD XHTML 1.0 Transitional//EN"
    "http://www.w3.org/TR/xhtml1/DTD/xhtml1-transitional.dtd">
<html xmlns="http://www.w3.org/1999/xhtml" xml:lang="en" lang="en">
 <head>
  <title>
</title>
<meta http-equiv="Content-Type" content="text/html;charset=utf-8" />
  <meta name='ocr-system' content='tesseract 3.04.00' />
  <meta name='ocr-capabilities' content='ocr_page ocr_carea ocr_par ocr_line ocrx_word'/>
</head>
<body>
  <div class='ocr_page' id='page_1' title='image "./denervisympathe00lobsgoog_0102.png"; bbox 0 0 5080 6812; ppageno 0'>
   <div class='ocr_carea' id='block_1_1' title="bbox 1119 635 1182 733">
    <p class='ocr_par' dir='ltr' id='par_1_1' title="bbox 1119 635 1182 733">
     <span class='ocr_line' id='line_1_1' title="bbox 1119 635 1182 733; baseline 0.016 -1"><span class='ocrx_word' id='word_1_1' title='bbox 1119 635 1182 733; x_wconf 76' lang='lat'><strong>85</strong></span> 
     </span>
    </p>
   </div>
   <div class='ocr_carea' id='block_1_2' title="bbox 354 849 1912 4705">
    <p class='ocr_par' dir='ltr' id='par_1_2' title="bbox 395 849 1904 1604">
     <span class='ocr_line' id='line_1_2' title="bbox 398 849 1903 980; baseline 0.004 -38"><span class='ocrx_word' id='word_1_2' title='bbox 398 850 588 943; x_wconf 89' lang='lat' dir='ltr'><strong>mutari.</strong></span> <span class='ocrx_word' id='word_1_3' title='bbox 654 849 817 944; x_wconf 86' lang='lat' dir='ltr'><strong>Credit</strong></span> <span class='ocrx_word' id='word_1_4' title='bbox 864 852 1056 980; x_wconf 89' lang='lat' dir='ltr'><strong>insuper</strong></span> <span class='ocrx_word' id='word_1_5' title='bbox 1093 855 1265 951; x_wconf 90' lang='lat' dir='ltr'><strong>citatus</strong></span> <span class='ocrx_word' id='word_1_6' title='bbox 1302 874 1495 970; x_wconf 81' lang='lat' dir='ltr'>auctor,</span> <span class='ocrx_word' id='word_1_7' title='bbox 1533 884 1756 970; x_wconf 87' lang='lat' dir='ltr'><strong>causam,</strong></span> <span class='ocrx_word' id='word_1_8' title='bbox 1799 888 1903 980; x_wconf 75' lang='lat' dir='ltr'><strong>quae</strong></span> 
     </span>
     <span class='ocr_line' id='line_1_3' title="bbox 396 1007 1904 1138; baseline 0.005 -42"><span class='ocrx_word' id='word_1_9' title='bbox 396 1007 783 1134; x_wconf 85' lang='lat' dir='ltr'><strong>propagationem</strong></span> <span class='ocrx_word' id='word_1_10' title='bbox 812 1008 1019 1124; x_wconf 84' lang='lat' dir='ltr'><strong>stimuli,</strong></span> <span class='ocrx_word' id='word_1_11' title='bbox 1048 1042 1190 1102; x_wconf 89' lang='lat' dir='ltr'><strong>nervo</strong></span> <span class='ocrx_word' id='word_1_12' title='bbox 1215 1011 1555 1138; x_wconf 80' lang='lat' dir='ltr'><strong>sympathetico</strong></span> <span class='ocrx_word' id='word_1_13' title='bbox 1579 1008 1814 1136; x_wconf 86' lang='lat' dir='ltr'><strong>appliciti,</strong></span> <span class='ocrx_word' id='word_1_14' title='bbox 1843 1012 1904 1104; x_wconf 91' lang='lat' dir='ltr'><strong>ad</strong></span> 
     </span>
     <span class='ocr_line' id='line_1_4' title="bbox 395 1143 1903 1293; baseline 0.003 -41"><span class='ocrx_word' id='word_1_15' title='bbox 395 1163 658 1254; x_wconf 90' lang='lat' dir='ltr'><strong>sensorium</strong></span> <span class='ocrx_word' id='word_1_16' title='bbox 681 1195 937 1256; x_wconf 89' lang='lat' dir='ltr'><strong>commune</strong></span> <span class='ocrx_word' id='word_1_17' title='bbox 965 1166 1202 1292; x_wconf 85' lang='lat' dir='ltr'><strong>infringit,</strong></span> <span class='ocrx_word' id='word_1_18' title='bbox 1236 1143 1580 1258; x_wconf 85' lang='lat' dir='ltr'><strong>insubstantia</strong></span> <span class='ocrx_word' id='word_1_19' title='bbox 1607 1165 1903 1293; x_wconf 87' lang='lat' dir='ltr'><strong>gangliorum</strong></span> 
     </span>
     <span class='ocr_line' id='line_1_5' title="bbox 396 1318 1902 1444; baseline 0.003 -37"><span class='ocrx_word' id='word_1_20' title='bbox 396 1318 670 1409; x_wconf 88' lang='lat' dir='ltr'><strong>secundaria</strong></span> <span class='ocrx_word' id='word_1_21' title='bbox 704 1318 1101 1443; x_wconf 75' lang='lat' dir='ltr'><strong>rabello-cinerea</strong></span> <span class='ocrx_word' id='word_1_22' title='bbox 1133 1321 1339 1436; x_wconf 84' lang='lat' dir='ltr'><strong>latitare,</strong></span> <span class='ocrx_word' id='word_1_23' title='bbox 1358 1339 1477 1444; x_wconf 87' lang='lat' dir='ltr'><strong>&#39;quae</strong></span> <span class='ocrx_word' id='word_1_24' title='bbox 1515 1318 1594 1416; x_wconf 89' lang='lat' dir='ltr'><strong>fila</strong></span> <span class='ocrx_word' id='word_1_25' title='bbox 1623 1320 1902 1412; x_wconf 87' lang='lat' dir='ltr'><strong>medullaria</strong></span> 
     </span>
     <span class='ocr_line' id='line_1_6' title="bbox 397 1453 1757 1604; baseline 0.004 -41"><span class='ocrx_word' id='word_1_26' title='bbox 397 1494 522 1564; x_wconf 90' lang='lat' dir='ltr'><strong>arcte</strong></span> <span class='ocrx_word' id='word_1_27' title='bbox 549 1473 737 1602; x_wconf 90' lang='lat' dir='ltr'><strong>cingens</strong></span> <span class='ocrx_word' id='word_1_28' title='bbox 773 1476 936 1568; x_wconf 86' lang='lat' dir='ltr'><strong>visua</strong></span> <span class='ocrx_word' id='word_1_29' title='bbox 974 1474 1158 1568; x_wconf 85' lang='lat' dir='ltr'><strong>clastica</strong></span> <span class='ocrx_word' id='word_1_30' title='bbox 1198 1476 1509 1604; x_wconf 79' lang='lat' dir='ltr'><strong>comprimit.¹</strong></span> <span class='ocrx_word' id='word_1_31' title='bbox 1753 1453 1757 1462; x_wconf 37' lang='lat'>⁵</span> 
     </span>
    </p>

    <p class='ocr_par' dir='ltr' id='par_1_3' title="bbox 354 1611 1912 4705">
     <span class='ocr_line' id='line_1_7' title="bbox 467 1611 1905 1759; baseline 0.003 -42"><span class='ocrx_word' id='word_1_32' title='bbox 467 1632 507 1747; x_wconf 73' lang='lat'><strong>§.</strong></span> <span class='ocrx_word' id='word_1_33' title='bbox 541 1662 651 1720; x_wconf 84' lang='lat' dir='ltr'><strong>ror.</strong></span> <span class='ocrx_word' id='word_1_34' title='bbox 688 1611 942 1730; x_wconf 87' lang='lat' dir='ltr'><strong>Theoriam</strong></span> <span class='ocrx_word' id='word_1_35' title='bbox 973 1653 1224 1724; x_wconf 90' lang='lat' dir='ltr'><strong>auctorum</strong></span> <span class='ocrx_word' id='word_1_36' title='bbox 1258 1633 1378 1723; x_wconf 89' lang='lat' dir='ltr'><strong>circa</strong></span> <span class='ocrx_word' id='word_1_37' title='bbox 1411 1634 1540 1725; x_wconf 87' lang='lat' dir='ltr'><strong>nervi</strong></span> <span class='ocrx_word' id='word_1_38' title='bbox 1573 1630 1905 1759; x_wconf 84' lang='lat' dir='ltr'><strong>sympathetici</strong></span> 
     </span>
     <span class='ocr_line' id='line_1_8' title="bbox 396 1783 1900 1914; baseline 0.003 -41"><span class='ocrx_word' id='word_1_39' title='bbox 396 1783 663 1884; x_wconf 79' lang='lat' dir='ltr'><strong>functiones</strong></span> <span class='ocrx_word' id='word_1_40' title='bbox 693 1788 966 1914; x_wconf 84' lang='lat' dir='ltr'><strong>nuperrime</strong></span> <span class='ocrx_word' id='word_1_41' title='bbox 994 1787 1197 1879; x_wconf 83' lang='lat' dir='ltr'><strong>excoluit</strong></span> <span class='ocrx_word' id='word_1_42' title='bbox 1220 1788 1292 1879; x_wconf 86' lang='lat' dir='ltr'><strong>vir</strong></span> <span class='ocrx_word' id='word_1_43' title='bbox 1318 1789 1584 1914; x_wconf 90' lang='lat' dir='ltr'><strong>ingeniosus</strong></span> <span class='ocrx_word' id='word_1_44' title='bbox 1611 1783 1900 1878; x_wconf 72' lang='lat' dir='ltr'><strong>Broussais²</strong></span> 
     </span>
     <span class='ocr_line' id='line_1_9' title="bbox 396 1922 1898 2070; baseline 0 -38"><span class='ocrx_word' id='word_1_45' title='bbox 396 1939 509 2052; x_wconf 90' lang='lat' dir='ltr'><strong>Hic,</strong></span> <span class='ocrx_word' id='word_1_46' title='bbox 545 1941 667 2033; x_wconf 91' lang='lat' dir='ltr'><strong>sicut</strong></span> <span class='ocrx_word' id='word_1_47' title='bbox 696 1942 953 2070; x_wconf 84' lang='lat' dir='ltr'><strong>physiologi</strong></span> <span class='ocrx_word' id='word_1_48' title='bbox 982 1943 1066 2065; x_wconf 89' lang='lat' dir='ltr'><strong>qui</strong></span> <span class='ocrx_word' id='word_1_49' title='bbox 1094 1965 1205 2035; x_wconf 88' lang='lat' dir='ltr'><strong>ante</strong></span> <span class='ocrx_word' id='word_1_50' title='bbox 1233 1975 1343 2035; x_wconf 90' lang='lat' dir='ltr'><strong>eum</strong></span> <span class='ocrx_word' id='word_1_51' title='bbox 1366 1922 1681 2068; x_wconf 73' lang='lat' dir='ltr'><strong>scripserunt,</strong></span> <span class='ocrx_word' id='word_1_52' title='bbox 1701 1973 1898 2033; x_wconf 86' lang='lat' dir='ltr'><strong>nervum</strong></span> 
     </span>
     <span class='ocr_line' id='line_1_10' title="bbox 354 2093 1901 2226; baseline 0.003 -43"><span class='ocrx_word' id='word_1_53' title='bbox 354 2221 357 2226; x_wconf 20' lang='grc' dir='ltr'>Ι</span> <span class='ocrx_word' id='word_1_54' title='bbox 396 2093 740 2188; x_wconf 79' lang='lat' dir='ltr'><strong>intercostalam</strong></span> <span class='ocrx_word' id='word_1_55' title='bbox 771 2119 1003 2220; x_wconf 91' lang='lat' dir='ltr'><strong>tanquam</strong></span> <span class='ocrx_word' id='word_1_56' title='bbox 1037 2120 1234 2225; x_wconf 81' lang='lat' dir='ltr'><strong>systema</strong></span> <span class='ocrx_word' id='word_1_57' title='bbox 1266 2100 1471 2224; x_wconf 89' lang='lat' dir='ltr'><strong>agnoscit</strong></span> <span class='ocrx_word' id='word_1_58' title='bbox 1501 2099 1771 2224; x_wconf 91' lang='lat' dir='ltr'><strong>proprium,</strong></span> <span class='ocrx_word' id='word_1_59' title='bbox 1798 2127 1901 2188; x_wconf 90' lang='lat' dir='ltr'><strong>cen-</strong></span> 
     </span>
     <span class='ocr_line' id='line_1_11' title="bbox 395 2250 1896 2378; baseline 0.002 -39"><span class='ocrx_word' id='word_1_60' title='bbox 395 2269 526 2340; x_wconf 88' lang='lat' dir='ltr'><strong>trum</strong></span> <span class='ocrx_word' id='word_1_61' title='bbox 554 2250 676 2378; x_wconf 88' lang='lat' dir='ltr'><strong>inse</strong></span> <span class='ocrx_word' id='word_1_62' title='bbox 694 2250 873 2343; x_wconf 90' lang='lat' dir='ltr'><strong>habens</strong></span> <span class='ocrx_word' id='word_1_63' title='bbox 893 2252 1168 2344; x_wconf 88' lang='lat' dir='ltr'><strong>sensitivum</strong></span> <span class='ocrx_word' id='word_1_64' title='bbox 1190 2251 1443 2378; x_wconf 88' lang='lat' dir='ltr'><strong>peculiare,</strong></span> <span class='ocrx_word' id='word_1_65' title='bbox 1470 2256 1599 2375; x_wconf 91' lang='lat' dir='ltr'><strong>quod</strong></span> <span class='ocrx_word' id='word_1_66' title='bbox 1622 2286 1720 2345; x_wconf 93' lang='lat' dir='ltr'><strong>non</strong></span> <span class='ocrx_word' id='word_1_67' title='bbox 1742 2251 1896 2344; x_wconf 93' lang='lat' dir='ltr'><strong>solum</strong></span> 
     </span>
     <span class='ocr_line' id='line_1_12' title="bbox 394 2385 1900 2533; baseline 0.001 -37"><span class='ocrx_word' id='word_1_68' title='bbox 394 2406 597 2496; x_wconf 90' lang='lat' dir='ltr'><strong>sensorio</strong></span> <span class='ocrx_word' id='word_1_69' title='bbox 629 2385 876 2498; x_wconf 88' lang='lat' dir='ltr'><strong>communi</strong></span> <span class='ocrx_word' id='word_1_70' title='bbox 915 2387 1238 2533; x_wconf 84' lang='lat' dir='ltr'><strong>impressiones</strong></span> <span class='ocrx_word' id='word_1_71' title='bbox 1256 2385 1572 2522; x_wconf 76' lang='lat' dir='ltr'><strong>transmittit,</strong></span> <span class='ocrx_word' id='word_1_72' title='bbox 1614 2441 1730 2532; x_wconf 89' lang='lat' dir='ltr'><strong>quas</strong></span> <span class='ocrx_word' id='word_1_73' title='bbox 1764 2409 1900 2499; x_wconf 88' lang='lat' dir='ltr'><strong>visce-</strong></span> 
     </span>
     <span class='ocr_line' id='line_1_13' title="bbox 394 2561 1897 2688; baseline 0.002 -38"><span class='ocrx_word' id='word_1_74' title='bbox 394 2593 504 2651; x_wconf 91' lang='lat' dir='ltr'><strong>rum</strong></span> <span class='ocrx_word' id='word_1_75' title='bbox 537 2561 743 2653; x_wconf 88' lang='lat' dir='ltr'><strong>actiones</strong></span> <span class='ocrx_word' id='word_1_76' title='bbox 772 2563 998 2677; x_wconf 85' lang='lat' dir='ltr'><strong>excitant,</strong></span> <span class='ocrx_word' id='word_1_77' title='bbox 1032 2565 1195 2656; x_wconf 90' lang='lat' dir='ltr'><strong>sedin</strong></span> <span class='ocrx_word' id='word_1_78' title='bbox 1233 2562 1314 2653; x_wconf 92' lang='lat' dir='ltr'><strong>illo</strong></span> <span class='ocrx_word' id='word_1_79' title='bbox 1349 2564 1764 2656; x_wconf 88' lang='lat' dir='ltr'><strong>determinationes</strong></span> <span class='ocrx_word' id='word_1_80' title='bbox 1788 2573 1897 2688; x_wconf 80' lang='lat' dir='ltr'><strong>&#39;pro</strong></span> 
     </span>
     <span class='ocr_line' id='line_1_14' title="bbox 394 2695 1900 2843; baseline 0.002 -37"><span class='ocrx_word' id='word_1_81' title='bbox 394 2715 546 2829; x_wconf 91' lang='lat' dir='ltr'><strong>ducit,</strong></span> <span class='ocrx_word' id='word_1_82' title='bbox 585 2748 690 2838; x_wconf 77' lang='lat' dir='ltr'><strong>quae</strong></span> <span class='ocrx_word' id='word_1_83' title='bbox 715 2697 798 2843; x_wconf 88' lang='lat' dir='ltr'><strong>per</strong></span> <span class='ocrx_word' id='word_1_84' title='bbox 826 2695 989 2812; x_wconf 83' lang='lat' dir='ltr'><strong>nervos</strong></span> <span class='ocrx_word' id='word_1_85' title='bbox 1015 2697 1264 2810; x_wconf 81' lang='lat' dir='ltr'><strong>cerebrales</strong></span> <span class='ocrx_word' id='word_1_86' title='bbox 1284 2697 1437 2841; x_wconf 48' lang='lat' dir='ltr'><strong>&#39;atque</strong></span> <span class='ocrx_word' id='word_1_87' title='bbox 1460 2717 1661 2843; x_wconf 88' lang='lat' dir='ltr'><strong>spinales</strong></span> <span class='ocrx_word' id='word_1_88' title='bbox 1682 2720 1746 2809; x_wconf 82' lang='lat' dir='ltr'><strong>&#39;ad</strong></span> <span class='ocrx_word' id='word_1_89' title='bbox 1775 2750 1900 2812; x_wconf 87' lang='lat' dir='ltr'><strong>mus-</strong></span> 
     </span>
     <span class='ocr_line' id='line_1_15' title="bbox 394 2869 1897 3001; baseline 0.003 -41"><span class='ocrx_word' id='word_1_90' title='bbox 394 2869 524 2963; x_wconf 90' lang='lat' dir='ltr'><strong>culos</strong></span> <span class='ocrx_word' id='word_1_91' title='bbox 549 2871 868 2966; x_wconf 90' lang='lat' dir='ltr'><strong>traducuntur</strong></span> <span class='ocrx_word' id='word_1_92' title='bbox 899 2875 1158 2966; x_wconf 86' lang='lat' dir='ltr'><strong>voluntatis</strong></span> <span class='ocrx_word' id='word_1_93' title='bbox 1185 2874 1381 3001; x_wconf 91' lang='lat' dir='ltr'><strong>imperio</strong></span> <span class='ocrx_word' id='word_1_94' title='bbox 1414 2873 1656 3000; x_wconf 88' lang='lat' dir='ltr'><strong>subjectos.</strong></span> <span class='ocrx_word' id='word_1_95' title='bbox 1697 2874 1754 2964; x_wconf 92' lang='lat' dir='ltr'><strong>ln</strong></span> <span class='ocrx_word' id='word_1_96' title='bbox 1781 2873 1897 2965; x_wconf 87' lang='lat' dir='ltr'><strong>soetu</strong></span> 
     </span>
     <span class='ocr_line' id='line_1_16' title="bbox 394 3028 1897 3156; baseline 0.001 -39"><span class='ocrx_word' id='word_1_97' title='bbox 394 3057 563 3120; x_wconf 89' lang='lat' dir='ltr'><strong>nervus</strong></span> <span class='ocrx_word' id='word_1_98' title='bbox 579 3029 946 3155; x_wconf 88' lang='lat' dir='ltr'><strong>sympatheticus</strong></span> <span class='ocrx_word' id='word_1_99' title='bbox 963 3030 1088 3122; x_wconf 88' lang='lat' dir='ltr'><strong>solus</strong></span> <span class='ocrx_word' id='word_1_100' title='bbox 1103 3030 1224 3156; x_wconf 86' lang='lat' dir='ltr'><strong>viget</strong></span> <span class='ocrx_word' id='word_1_101' title='bbox 1242 3050 1385 3151; x_wconf 89' lang='lat' dir='ltr'><strong>atque</strong></span> <span class='ocrx_word' id='word_1_102' title='bbox 1403 3028 1518 3155; x_wconf 88' lang='lat' dir='ltr'><strong>agit;</strong></span> <span class='ocrx_word' id='word_1_103' title='bbox 1540 3048 1700 3154; x_wconf 82' lang='lat' dir='ltr'><strong>praeest</strong></span> <span class='ocrx_word' id='word_1_104' title='bbox 1715 3028 1897 3154; x_wconf 89' lang='lat' dir='ltr'><strong>organis</strong></span> 
     </span>
     <span class='ocr_line' id='line_1_17' title="bbox 392 3165 1896 3311; baseline -0.001 -37"><span class='ocrx_word' id='word_1_105' title='bbox 392 3184 646 3275; x_wconf 86' lang='lat' dir='ltr'><strong>secretoriis</strong></span> <span class='ocrx_word' id='word_1_106' title='bbox 671 3165 815 3307; x_wconf 89' lang='lat' dir='ltr'><strong>atque</strong></span> <span class='ocrx_word' id='word_1_107' title='bbox 841 3186 1187 3293; x_wconf 87' lang='lat' dir='ltr'><strong>nutrientibus;</strong></span> <span class='ocrx_word' id='word_1_108' title='bbox 1214 3165 1364 3302; x_wconf 82' lang='lat' dir='ltr'><strong>cordis</strong></span> <span class='ocrx_word' id='word_1_109' title='bbox 1386 3183 1620 3311; x_wconf 89' lang='lat' dir='ltr'><strong>energiam</strong></span> <span class='ocrx_word' id='word_1_110' title='bbox 1644 3202 1896 3291; x_wconf 88' lang='lat' dir='ltr'><strong>sustentat;</strong></span> 
     </span>
     <span class='ocr_line' id='line_1_18' title="bbox 395 3337 1898 3466; baseline -0.001 -37"><span class='ocrx_word' id='word_1_111' title='bbox 395 3369 495 3430; x_wconf 92' lang='lat' dir='ltr'><strong>non</strong></span> <span class='ocrx_word' id='word_1_112' title='bbox 536 3370 640 3429; x_wconf 91' lang='lat' dir='ltr'><strong>raro</strong></span> <span class='ocrx_word' id='word_1_113' title='bbox 660 3411 663 3418; x_wconf 56' lang='grc'>,</span> <span class='ocrx_word' id='word_1_114' title='bbox 687 3340 829 3431; x_wconf 91' lang='lat' dir='ltr'><strong>etiam</strong></span> <span class='ocrx_word' id='word_1_115' title='bbox 871 3342 923 3431; x_wconf 90' lang='lat' dir='ltr'><strong>in</strong></span> <span class='ocrx_word' id='word_1_116' title='bbox 964 3340 1192 3466; x_wconf 82' lang='lat' dir='ltr'><strong>sphaeram</strong></span> <span class='ocrx_word' id='word_1_117' title='bbox 1230 3337 1508 3431; x_wconf 90' lang='lat' dir='ltr'><strong>cerebralem</strong></span> <span class='ocrx_word' id='word_1_118' title='bbox 1549 3337 1802 3462; x_wconf 88' lang='lat' dir='ltr'><strong>irrumpit,</strong></span> <span class='ocrx_word' id='word_1_119' title='bbox 1850 3357 1898 3428; x_wconf 91' lang='lat' dir='ltr'><strong>et</strong></span> 
     </span>
     <span class='ocr_line' id='line_1_19' title="bbox 393 3471 1897 3616; baseline -0.003 -30"><span class='ocrx_word' id='word_1_120' title='bbox 393 3515 554 3586; x_wconf 91' lang='lat' dir='ltr'><strong>motus</strong></span> <span class='ocrx_word' id='word_1_121' title='bbox 590 3493 874 3587; x_wconf 86' lang='lat' dir='ltr'><strong>determinat</strong></span> <span class='ocrx_word' id='word_1_122' title='bbox 911 3495 1246 3609; x_wconf 89' lang='lat' dir='ltr'><strong>automaticos,</strong></span> <span class='ocrx_word' id='word_1_123' title='bbox 1264 3471 1266 3478; x_wconf 31' lang='lat'><strong><em>¹</em></strong></span> <span class='ocrx_word' id='word_1_124' title='bbox 1287 3525 1405 3616; x_wconf 91' lang='lat' dir='ltr'><strong>quos</strong></span> <span class='ocrx_word' id='word_1_125' title='bbox 1440 3493 1620 3605; x_wconf 90' lang='lat' dir='ltr'><strong>infans,</strong></span> <span class='ocrx_word' id='word_1_126' title='bbox 1660 3514 1793 3583; x_wconf 90' lang='lat' dir='ltr'><strong>utero</strong></span> <span class='ocrx_word' id='word_1_127' title='bbox 1828 3493 1897 3583; x_wconf 92' lang='lat' dir='ltr'><strong>in-</strong></span> 
     </span>
     <span class='ocr_line' id='line_1_20' title="bbox 393 3645 1912 3776; baseline -0.001 -38"><span class='ocrx_word' id='word_1_128' title='bbox 393 3647 572 3762; x_wconf 92' lang='lat' dir='ltr'><strong>clusus,</strong></span> <span class='ocrx_word' id='word_1_129' title='bbox 607 3649 833 3742; x_wconf 91' lang='lat' dir='ltr'><strong>musculis</strong></span> <span class='ocrx_word' id='word_1_130' title='bbox 860 3651 955 3742; x_wconf 91' lang='lat' dir='ltr'><strong>suis</strong></span> <span class='ocrx_word' id='word_1_131' title='bbox 984 3646 1178 3776; x_wconf 88' lang='lat' dir='ltr'><strong>perficit.</strong></span> <span class='ocrx_word' id='word_1_132' title='bbox 1218 3651 1374 3741; x_wconf 87' lang='lat' dir='ltr'><strong>Foetus</strong></span> <span class='ocrx_word' id='word_1_133' title='bbox 1405 3647 1640 3773; x_wconf 88' lang='lat' dir='ltr'><strong>acephali,</strong></span> <span class='ocrx_word' id='word_1_134' title='bbox 1675 3645 1912 3739; x_wconf 78' lang='lat' dir='ltr'><strong>cerebrali</strong></span> 
     </span>
     <span class='ocr_line' id='line_1_21' title="bbox 394 3802 1897 3930; baseline -0.001 -36"><span class='ocrx_word' id='word_1_135' title='bbox 394 3836 447 3894; x_wconf 89' lang='lat' dir='ltr'><strong>ac</strong></span> <span class='ocrx_word' id='word_1_136' title='bbox 474 3802 645 3930; x_wconf 90' lang='lat' dir='ltr'><strong>spinali</strong></span> <span class='ocrx_word' id='word_1_137' title='bbox 670 3804 878 3898; x_wconf 87' lang='lat' dir='ltr'><strong>medulla</strong></span> <span class='ocrx_word' id='word_1_138' title='bbox 911 3807 1148 3920; x_wconf 88' lang='lat' dir='ltr'><strong>destituti,</strong></span> <span class='ocrx_word' id='word_1_139' title='bbox 1178 3805 1294 3897; x_wconf 89' lang='lat' dir='ltr'><strong>hinc</strong></span> <span class='ocrx_word' id='word_1_140' title='bbox 1322 3823 1483 3896; x_wconf 90' lang='lat' dir='ltr'><strong>centro</strong></span> <span class='ocrx_word' id='word_1_141' title='bbox 1521 3821 1712 3895; x_wconf 88' lang='lat' dir='ltr'><strong>nervoso</strong></span> <span class='ocrx_word' id='word_1_142' title='bbox 1742 3833 1897 3893; x_wconf 89' lang='lat' dir='ltr'><strong>caren-</strong></span> 
     </span>
     <span class='ocr_line' id='line_1_22' title="bbox 394 3958 1894 4087; baseline -0.001 -37"><span class='ocrx_word' id='word_1_143' title='bbox 394 3981 484 4072; x_wconf 85' lang='lat' dir='ltr'><strong>tes,</strong></span> <span class='ocrx_word' id='word_1_144' title='bbox 505 3993 531 4050; x_wconf 90' lang='lat' dir='ltr'><strong>a</strong></span> <span class='ocrx_word' id='word_1_145' title='bbox 551 3992 647 4083; x_wconf 92' lang='lat' dir='ltr'><strong>quo</strong></span> <span class='ocrx_word' id='word_1_146' title='bbox 672 3962 963 4087; x_wconf 92' lang='lat' dir='ltr'><strong>principium</strong></span> <span class='ocrx_word' id='word_1_147' title='bbox 984 3958 1667 4053; x_wconf 88' lang='lat' dir='ltr'><strong>contractionismusculorum</strong></span> <span class='ocrx_word' id='word_1_148' title='bbox 1686 3979 1894 4071; x_wconf 87' lang='lat' dir='ltr'><strong>emanat,</strong></span> 
     </span>
     <span class='ocr_line' id='line_1_23' title="bbox 394 4112 1895 4237; baseline -0.003 -29"><span class='ocrx_word' id='word_1_149' title='bbox 394 4137 554 4208; x_wconf 84' lang='lat' dir='ltr'><strong>tamen</strong></span> <span class='ocrx_word' id='word_1_150' title='bbox 585 4137 745 4207; x_wconf 90' lang='lat' dir='ltr'><strong>motus</strong></span> <span class='ocrx_word' id='word_1_151' title='bbox 774 4138 988 4209; x_wconf 85' lang='lat' dir='ltr'><strong>exercent</strong></span> <span class='ocrx_word' id='word_1_152' title='bbox 1017 4114 1321 4227; x_wconf 76' lang='lat' dir='ltr'><strong>musculareS,</strong></span> <span class='ocrx_word' id='word_1_153' title='bbox 1349 4115 1433 4237; x_wconf 89' lang='lat' dir='ltr'><strong>qui</strong></span> <span class='ocrx_word' id='word_1_154' title='bbox 1464 4113 1600 4207; x_wconf 92' lang='lat' dir='ltr'><strong>nullo</strong></span> <span class='ocrx_word' id='word_1_155' title='bbox 1634 4112 1726 4205; x_wconf 87' lang='lat' dir='ltr'><strong>alio</strong></span> <span class='ocrx_word' id='word_1_156' title='bbox 1752 4114 1895 4204; x_wconf 93' lang='lat' dir='ltr'><strong>modo</strong></span> 
     </span>
     <span class='ocr_line' id='line_1_24' title="bbox 394 4259 1896 4397; baseline -0.001 -36"><span class='ocrx_word' id='word_1_157' title='bbox 394 4271 579 4362; x_wconf 85' lang='lat' dir='ltr'><strong>excitari</strong></span> <span class='ocrx_word' id='word_1_158' title='bbox 626 4294 837 4395; x_wconf 90' lang='lat' dir='ltr'><strong>queunt,</strong></span> <span class='ocrx_word' id='word_1_159' title='bbox 880 4274 969 4366; x_wconf 90' lang='lat' dir='ltr'><strong>nisi</strong></span> <span class='ocrx_word' id='word_1_160' title='bbox 1008 4271 1221 4366; x_wconf 80' lang='lat' dir='ltr'><strong>vi&#39;vitali</strong></span> <span class='ocrx_word' id='word_1_161' title='bbox 1268 4272 1397 4362; x_wconf 87' lang='lat' dir='ltr'><strong>nervi</strong></span> <span class='ocrx_word' id='word_1_162' title='bbox 1440 4259 1792 4397; x_wconf 70' lang='lat' dir='ltr'><strong>sympathetici&#39;</strong></span> <span class='ocrx_word' id='word_1_163' title='bbox 1813 4303 1896 4394; x_wconf 89' lang='lat' dir='ltr'><strong>per</strong></span> 
     </span>
     <span class='ocr_line' id='line_1_25' title="bbox 394 4425 1895 4555; baseline 0.001 -40"><span class='ocrx_word' id='word_1_164' title='bbox 394 4450 705 4520; x_wconf 87' lang='lat' dir='ltr'><strong>anastomoses</strong></span> <span class='ocrx_word' id='word_1_165' title='bbox 740 4428 890 4522; x_wconf 84' lang='lat' dir='ltr'><strong>nervis</strong></span> <span class='ocrx_word' id='word_1_166' title='bbox 926 4427 1393 4555; x_wconf 88' lang='lat' dir='ltr'><strong>spinalihusjuncti.</strong></span> <span class='ocrx_word' id='word_1_167' title='bbox 1441 4427 1499 4517; x_wconf 94' lang='lat' dir='ltr'><strong>ln</strong></span> <span class='ocrx_word' id='word_1_168' title='bbox 1534 4425 1895 4517; x_wconf 84' lang='lat' dir='ltr'><strong>homineextra&#39;</strong></span> 
     </span>
     <span class='ocr_line' id='line_1_26' title="bbox 394 4581 1892 4705; baseline -0.001 -32"><span class='ocrx_word' id='word_1_169' title='bbox 394 4604 584 4675; x_wconf 91' lang='lat' dir='ltr'><strong>uterum</strong></span> <span class='ocrx_word' id='word_1_170' title='bbox 622 4585 828 4701; x_wconf 85' lang='lat' dir='ltr'><strong>vivente,</strong></span> <span class='ocrx_word' id='word_1_171' title='bbox 874 4617 1043 4680; x_wconf 85' lang='lat' dir='ltr'><strong>nervus</strong></span> <span class='ocrx_word' id='word_1_172' title='bbox 1082 4586 1196 4702; x_wconf 87' lang='lat' dir='ltr'><strong>istc,</strong></span> <span class='ocrx_word' id='word_1_173' title='bbox 1239 4583 1478 4679; x_wconf 91' lang='lat' dir='ltr'><strong>mediante</strong></span> <span class='ocrx_word' id='word_1_174' title='bbox 1511 4614 1649 4678; x_wconf 87' lang='lat' dir='ltr'><strong>sensu</strong></span> <span class='ocrx_word' id='word_1_175' title='bbox 1684 4581 1892 4705; x_wconf 89' lang='lat' dir='ltr'><strong>quodam</strong></span> 
     </span>
    </p>
   </div>
   <div class='ocr_carea' id='block_1_3' title="bbox 386 4889 1894 5325">
    <p class='ocr_par' dir='ltr' id='par_1_4' title="bbox 438 4891 737 4956">
     <span class='ocr_line' id='line_1_27' title="bbox 438 4891 737 4956; baseline 0.01 -5"><span class='ocrx_word' id='word_1_176' title='bbox 438 4891 511 4951; x_wconf 83' lang='lat'><strong>¹1.</strong></span> <span class='ocrx_word' id='word_1_177' title='bbox 536 4911 564 4954; x_wconf 83' lang='lat' dir='ltr'><strong>c.</strong></span> <span class='ocrx_word' id='word_1_178' title='bbox 626 4913 737 4956; x_wconf 85' lang='lat' dir='ltr'><strong>.·1o.</strong></span> 
     </span>
    </p>

    <p class='ocr_par' dir='ltr' id='par_1_5' title="bbox 386 4889 1894 5325">
     <span class='ocr_line' id='line_1_28' title="bbox 438 4889 1893 5098; baseline -0.003 -29"><span class='ocrx_word' id='word_1_179' title='bbox 438 5007 451 5035; x_wconf 85' lang='lat'><strong>¹</strong></span> <span class='ocrx_word' id='word_1_180' title='bbox 474 4889 675 5093; x_wconf 60' lang='lat' dir='ltr'><strong>meletias</strong></span> <span class='ocrx_word' id='word_1_181' title='bbox 691 4915 762 5072; x_wconf 69' lang='lat' dir='ltr'><strong>tier¹</strong></span> <span class='ocrx_word' id='word_1_182' title='bbox 774 5011 825 5072; x_wconf 82' lang='lat' dir='ltr'><strong>les</strong></span> <span class='ocrx_word' id='word_1_183' title='bbox 836 5003 1025 5098; x_wconf 78' lang='lat' dir='ltr'><strong>fonctions</strong></span> <span class='ocrx_word' id='word_1_184' title='bbox 1046 5009 1094 5072; x_wconf 86' lang='lat' dir='ltr'><strong>du</strong></span> <span class='ocrx_word' id='word_1_185' title='bbox 1115 5008 1262 5097; x_wconf 70' lang='lat' dir='ltr'><strong>ayateme</strong></span> <span class='ocrx_word' id='word_1_186' title='bbox 1283 5023 1435 5070; x_wconf 80' lang='lat' dir='ltr'><strong>nerveux</strong></span> <span class='ocrx_word' id='word_1_187' title='bbox 1452 5023 1495 5065; x_wconf 85' lang='lat' dir='ltr'><strong>en</strong></span> <span class='ocrx_word' id='word_1_188' title='bbox 1515 5005 1679 5092; x_wconf 68' lang='lat' dir='ltr'><strong>general,</strong></span> <span class='ocrx_word' id='word_1_189' title='bbox 1699 5022 1764 5066; x_wconf 80' lang='lat' dir='ltr'><strong>aur·</strong></span> <span class='ocrx_word' id='word_1_190' title='bbox 1790 5003 1893 5065; x_wconf 78' lang='lat' dir='ltr'><strong>celles</strong></span> 
     </span>
     <span class='ocr_line' id='line_1_29' title="bbox 390 5112 1894 5210; baseline -0.003 -28"><span class='ocrx_word' id='word_1_191' title='bbox 390 5119 440 5182; x_wconf 86' lang='lat' dir='ltr'><strong>du</strong></span> <span class='ocrx_word' id='word_1_192' title='bbox 466 5121 588 5209; x_wconf 83' lang='lat' dir='ltr'><strong>grand</strong></span> <span class='ocrx_word' id='word_1_193' title='bbox 613 5120 854 5210; x_wconf 76' lang='lat' dir='ltr'><strong>sympatdique</strong></span> <span class='ocrx_word' id='word_1_194' title='bbox 880 5146 923 5187; x_wconf 85' lang='lat' dir='ltr'><strong>en</strong></span> <span class='ocrx_word' id='word_1_195' title='bbox 948 5118 1161 5208; x_wconf 82' lang='lat' dir='ltr'><strong>particulier</strong></span> <span class='ocrx_word' id='word_1_196' title='bbox 1171 5167 1183 5196; x_wconf 86' lang='lat'><strong>,</strong></span> <span class='ocrx_word' id='word_1_197' title='bbox 1216 5128 1250 5184; x_wconf 86' lang='lat' dir='ltr'><strong>et</strong></span> <span class='ocrx_word' id='word_1_198' title='bbox 1273 5141 1337 5183; x_wconf 79' lang='lat' dir='ltr'><strong>sur</strong></span> <span class='ocrx_word' id='word_1_199' title='bbox 1365 5119 1529 5200; x_wconf 82' lang='lat' dir='ltr'><strong>quelques</strong></span> <span class='ocrx_word' id='word_1_200' title='bbox 1557 5123 1677 5178; x_wconf 80' lang='lat' dir='ltr'><strong>autres</strong></span> <span class='ocrx_word' id='word_1_201' title='bbox 1702 5112 1824 5199; x_wconf 77' lang='lat' dir='ltr'><strong>points</strong></span> <span class='ocrx_word' id='word_1_202' title='bbox 1851 5116 1894 5179; x_wconf 80' lang='lat' dir='ltr'><strong>de</strong></span> 
     </span>
     <span class='ocr_line' id='line_1_30' title="bbox 386 5225 1803 5325; baseline 0.001 -31"><span class='ocrx_word' id='word_1_203' title='bbox 386 5229 617 5325; x_wconf 77' lang='lat' dir='ltr'><strong>physiologia.</strong></span> <span class='ocrx_word' id='word_1_204' title='bbox 648 5237 816 5302; x_wconf 81' lang='lat' dir='ltr'><strong>Journal</strong></span> <span class='ocrx_word' id='word_1_205' title='bbox 833 5240 891 5302; x_wconf 80' lang='lat' dir='ltr'><strong>dee</strong></span> <span class='ocrx_word' id='word_1_206' title='bbox 910 5229 1060 5304; x_wconf 66' lang='lat' dir='ltr'><strong>tcien&#39;ces</strong></span> <span class='ocrx_word' id='word_1_207' title='bbox 1080 5227 1280 5309; x_wconf 64' lang='lat' dir='ltr'><strong>medicarier,</strong></span> <span class='ocrx_word' id='word_1_208' title='bbox 1305 5236 1350 5297; x_wconf 70' lang='grc'><strong>3.·</strong></span> <span class='ocrx_word' id='word_1_209' title='bbox 1373 5225 1500 5306; x_wconf 73' lang='lat' dir='ltr'><strong>anite‘e&#39;,</strong></span> <span class='ocrx_word' id='word_1_210' title='bbox 1522 5237 1546 5292; x_wconf 81' lang='lat' dir='ltr'><strong>t.</strong></span> <span class='ocrx_word' id='word_1_211' title='bbox 1565 5227 1635 5295; x_wconf 49' lang='lat' dir='ltr'><strong>aa(</strong></span> <span class='ocrx_word' id='word_1_212' title='bbox 1729 5257 1732 5266; x_wconf 63' lang='grc'><strong>’</strong></span> <span class='ocrx_word' id='word_1_213' title='bbox 1801 5235 1803 5240; x_wconf 82' lang='grc'><strong>’</strong></span> 
     </span>
    </p>
   </div>
   <div class='ocr_carea' id='block_1_4' title="bbox 0 0 2544 6807">
    <p class='ocr_par' dir='ltr' id='par_1_6' title="bbox 0 0 2544 6807">
     <span class='ocr_line' id='line_1_31' title="bbox 0 0 2544 6807; baseline 0 0"><span class='ocrx_word' id='word_1_214' title='bbox 0 0 2544 6807; x_wconf 95' lang='lat' dir='ltr'><strong> </strong></span> 
     </span>
    </p>
   </div>
  </div>
 </body>
</html>
