5076 6816
1327 603 1466 768 'nn

664 896 758 998 que
797 866 849 960 in
886 896 1056 996 organa
1092 867 1190 960 vim
1229 863 1441 990 aliquam
1473 887 1680 981 exercet,
1720 896 1773 958 ea
1814 864 1866 958 in
1902 862 2172 962 morbosam

663 1052 799 1113 suam
828 1024 1079 1149 sphaeram,
1110 1045 1167 1115 ut
1200 1023 1265 1115 ita
1296 1024 1477 1138 dicam,
1516 1023 1685 1137 trahit,
1725 1055 1779 1113 ac
1812 1017 2020 1146 denique
2051 1055 2173 1116 mor·

650 1175 749 1268 bos
783 1178 952 1306 gignit,
986 1180 1038 1270 in
1067 1180 1242 1303 quibus
1267 1211 1372 1270 vera
1397 1177 1657 1305 percipitur
1677 1197 1923 1271 structurae
1945 1177 2171 1271 alteratio.

648 1329 891 1459 ¹Errcmpla
920 1333 1019 1426 rem
1050 1334 1294 1426 clariorem
1325 1333 1536 1424 reddant.

738 1491 780 1605 ς.
807 1487 916 1580 ι38.
942 1490 1134 1604 Moeror,
1153 1488 1361 1615 tristitia,
1382 1487 1532 1580 animi
1547 1467 1845 1613 ‘pathematm
1861 1485 1960 1579 vim
1980 1484 2174 1578 vitalem

669 1640 1002 1766 deprimentia,
1022 1665 1166 1767 atque
1186 1664 1379 1770 propter
1392 1643 1517 1734 hanc
1537 1643 1769 1735 rationem
1792 1637 2003 1734 sedativa
2020 1641 2176 1766 appel-

670 1794 784 1909 lata,
802 1800 1076 1925 temperiem
1095 1830 1347 1926 nervorum
1362 1797 1743 1918 abdominalium
1756 1796 1970 1888 alterant.
1989 1794 2174 1922 Spasmi

664 1971 789 2078 tunc
807 1955 1159 2079 producuntur,
1181 1954 1357 2077 quibus
1374 1985 1590 2046 vasorum
1611 1954 1732 2044 actio
1750 1952 2002 2044 turbaturi
2028 1983 2177 2045 neces-

670 2106 790 2198 sario
806 2109 972 2202 exinde
983 2111 1196 2234 sequitur
1207 2109 1469 2201 humorum
1485 2110 1535 2199 in
1550 2109 1635 2206 reti
1646 2139 1864 2200 vasorum
1879 2105 2176 2235 capillarium

671 2263 820 2378 stasis,
838 2297 864 2354 a
881 2268 1113 2358 retardato
1132 2264 1374 2394 sanguinis
1390 2285 1547 2373 motu;
1569 2286 1676 2356 tum
1697 2295 1914 2355 vasorum
1933 2264 2177 2376 infacetus,

674 2417 1015 2514 obstructiones
1034 2423 1261 2515 viscerum
1284 2442 1331 2512 et
1349 2421 1504 2512 morbi
1528 2419 1730 2547 organici
1750 2419 1957 2545 genuini.
1983 2416 2060 2510 Ab
2079 2416 2179 2508 ani·

672 2574 742 2664 mi
778 2575 1009 2667 diuturno
1045 2609 1266 2689 moerore,
1303 2575 1393 2666 sub
1429 2574 1580 2666 anxiis
1614 2575 1976 2699 praecordiorum
2013 2572 2180 2699 passio·

638 2813 646 2830 ,
675 2730 837 2843 nibus,
863 2753 1190 2860 aneurysmata
1217 2731 1454 2822 observata
1480 2732 1676 2823 fuerunt
1703 2731 1870 2848 cordis,
1889 2750 2034 2852 atque
2055 2760 2180 2820 vaso·

675 2917 785 2976 rum
820 2859 1057 3010 majorum
1094 2885 1482 3009 frequentissima.
1534 2887 1807 3002 Numerosi,
1841 2920 1960 3010 quos
1991 2886 2179 2977 adversa

676 3039 867 3131 fortuna
887 3064 1125 3166 persecuta
1151 3064 1243 3155 est,
1266 3041 1502 3156 homines,
1526 3043 1615 3134 sub
1643 3074 1965 3137 aerumnarum
1996 3042 2181 3168 insupe-

676 3195 813 3286 rabili
833 3218 1031 3312 eaterva,
1045 3199 1239 3290 tandem
1259 3196 1583 3291 indurationes
1602 3200 1727 3291 nacti
1747 3220 1862 3291 sunt
1879 3199 1931 3290 in
1948 3197 2178 3326 epigastrii

676 3352 954 3486 visceribus,
985 3354 1149 3482 pyloro
1179 3353 1499 3478 potissimum,
1531 3376 1648 3447 tunc
1679 3371 1953 3482 'pancreate‚
1983 3353 2107 3446 liene
2133 3373 2181 3445 et

677 3505 857 3638 hepate.
892 3510 1228 3622 Amantissima
1247 3510 1398 3636 virgo,
1419 3509 1530 3601 falsa
1551 3512 1846 3606 matrimonii
1866 3545 1946 3636 spe
1965 3509 2179 3624 inducta,

679 3639 945 3757 ovariorum
977 3659 1097 3756 mihi
1127 3665 1405 3762 monstravit
1434 3668 1657 3759 morbum
1683 3669 1956 3798 organicum
1982 3663 2183 3794 peculia·

679 3853 799 3933 rem,
821 3853 965 3944 quem
985 3821 1098 3913 alibi
1115 3821 1370 3914 describere
1385 3821 1436 3912 in
1456 3823 1619 3915 animo
1638 3825 1758 3922 mihi
1778 3847 1855 3917 est.
1881 3823 2062 3917 Omnes
2079 3821 2183 3916 isto-

681 4012 790 4073 rum
808 4009 1089 4106 organorum
1105 3980 1391 4071 mutationes
1407 3979 1632 4106 primario
1647 3980 1707 4072 ab
1719 3981 1910 4073 alterata
1929 4009 2182 4072 nervorum

541 4257 548 4264 Ι
633 4259 634 4262 g
681 4133 905 4258 temperie
933 4134 1166 4257 pendent,
1196 4156 1340 4256 atque
1363 4129 1608 4262 riynamiei
1634 4159 1755 4230 certe
1786 4138 1983 4230 fuerunt
2006 4132 2182 4248 mo'rbi,

682 4312 941 4410 antequam
977 4290 1370 4415 degeneraverunt
1398 4289 1450 4380 in
1482 4293 1745 4419 organicos.

666 4433 672 4446 ’
755 4449 796 4564 §.
814 4451 922 4567 139.
943 4445 1193 4549 Enimvero
1207 4445 1402 4570 spastica
1417 4469 1733 4573 symptomata
1745 4457 1927 4573 semper
1943 4467 2085 4568 atque
2100 4443 2184 4536 diu

626 4715 629 4724 .
682 4600 949 4734 organicam
970 4598 1295 4691 alterationem
1315 4603 1588 4727 praecedere‚
1610 4604 1878 4698 docuerunt
1897 4636 1974 4698 me
1997 4621 2185 4693 attentae

686 4757 964 4853 morborum
997 4754 1346 4849 observationes.

768 4905 826 5030 1.⁰
848 4915 903 5002 ln
922 4911 1084 5036 capitis
1101 4910 1361 5028 affectibuS,
1378 4934 1538 5007 motus
1557 4915 1846 5007 convulsivos
1858 4910 2185 5007 musculorum

687 5053 840 5181 faciei,
868 5068 1112 5160 stridorem
1133 5069 1371 5183 dentium,
1388 5071 1710 5186 strabismum,
1732 5095 1837 5184 etc,
1853 5100 2036 5197 gravem
2059 5097 2187 5157 enee·

687 5225 817 5353 phali
841 5223 1074 5316 laesionem
1097 5222 1325 5342 indicare,
1348 5226 1573 5322 omnibus
1595 5249 1662 5322 est
1686 5250 1870 5321 notum.
1902 5226 1977 5322 Ad
2000 5219 2191 5352 prodro-
