5080 6812
1387 653 1451 752 da

665 869 892 1002 sphaeram
924 871 1258 987 cohibeantur,
1284 903 1370 965 nec
1398 869 1460 964 ad
1486 872 1730 967 cerebrum
1757 878 2175 976 transmittantur:

666 1059 763 1152 quo
797 1025 875 1142 fit,
913 1026 1131 1122 utnulla
1167 1029 1414 1122 inanimo
1448 1029 1674 1122 excitetur
1710 1031 1812 1124 idea
1844 1034 2173 1134 mutationum

510 1299 512 1304 Α
666 1215 770 1308 quae
808 1185 860 1278 in
895 1183 1093 1278 internis
1125 1185 1355 1278 viscerum
1392 1184 1580 1277 latebris
1612 1183 1751 1279 stunt.

737 1339 812 1454 Si,
851 1339 1053 1466 exempli
1089 1341 1258 1468 gratia,
1297 1340 1431 1433 nulla
1470 1341 1681 1435 adessent
1712 1343 1895 1472 ganglia
1935 1347 2188 1441 cervicalia·

665 1518 810 1618 atque
839 1495 1094 1610 thoracica,
1124 1497 1162 1588 si
1200 1496 1329 1588 nervi
1358 1497 1556 1590 cardiaci
1588 1497 1760 1592 directe
1787 1533 1812 1592 e
1838 1500 2100 1627 spinalibus
2126 1526 2174 1598 ct

666 1650 985 1746 cerebralibus.
999 1652 1218 1778 producti
1245 1652 1465 1766 luissent,
1490 1686 1571 1745 cor
1593 1654 1653 1745 ad
1676 1655 1885 1777 quietem
1908 1657 2066 1749 reduci
2093 1691 2174 1784 po·

667 1810 851 1922 tuisset,
893 1809 1015 1901 sicut
1049 1808 1129 1900 alii
1172 1806 1374 1900 musculi
1419 1805 1658 1902 voluntati
1700 1810 1944 1928 submissi,
1977 1845 2031 1905 ex
2072 1814 2172 1906 solo

667 1965 849 2059 mentis
872 1964 1089 2072 arbitri0;
1119 1985 1187 2075 et,
1216 1963 1313 2055 vice
1341 1996 1487 2076 versa,
1517 1965 1555 2056 si
1587 1987 1757 2061 natura
1789 1966 1923 2060 nulla
1946 1969 2173 2095 posuisset

665 2120 852 2250 ganglia
878 2121 1002 2212 inter
1031 2120 1201 2247 plexus.
1224 2119 1553 2213 abdominales.
1570 2142 1714 2243 atquc
1735 2123 1967 2250 spinalem
1993 2124 2172 2217 medul-

668 2277 787 2390 lam,
824 2276 1045 2390 irritati0‚
1091 2307 1239 2398 quam
1275 2275 1511 2380 excitasset
1549 2276 1601 2367 in
1633 2277 1883 2372 visceribus
1914 2280 2169 2374 nutritioui

668 2431 908 2525 destinatis
931 2431 1238 2543 alimentum3
1272 2430 1331 2523 ad
1356 2431 1619 2524 sensorium
1647 2432 1807 2525 suisset
1833 2433 1997 2548 ducta,
2027 2433 2170 2559 atque

667 2589 953 2681 sensationes
967 2559 1298 2712 'sepenumero
1327 2586 1531 2713 ingratas
1553 2587 1845 2713 produxisset
1877 2590 1929 2683 in
1958 2591 2133 2684 animo.

676 2824 680 2834 .
741 2743 973 2837 Elucescit
997 2776 1103 2834 tero
1127 2775 1181 2834 ex
1204 2739 1360 2834 hisce:
1388 2735 1446 2832 t.⁰
1470 2743 1604 2865 quod·
1627 2743 1769 2857 rami,
1791 2742 2004 2870 plexibus
2027 2767 2171 2869 atque

670 2899 887 2993 medullae
919 2897 1097 3025 spinuli·
1126 2897 1416 3024 interpositi,
1461 2929 1568 2990 non
1597 2895 1881 3024 completam
1916 2898 2173 3027 perficiunt

669 3054 1174 3169 communicationem,
1208 3075 1257 3146 et
1283 3054 1445 3180 potius
1470 3049 1920 3150 semi-conductores
1945 3057 2168 3185 appellari

670 3213 892 3321 debeant;
919 3232 966 3304 et
994 3205 1057 3304 αἶ’
1076 3211 1205 3334 quod
1225 3209 1408 3338 ganglia
1434 3211 1485 3302 in
1510 3209 1688 3335 sphaera
1712 3242 1900 3305 neruosa
1919 3215 2169 3341 vegetativa

670 3370 724 3461 id·
737 3389 978 3496 praesta-nt,
1000 3365 1133 3491 quod
1149 3396 1355 3494 corporo
1375 3361 1631 3458 dolatoria·
1643 3366 1696 3462 in
1710 3367 2037 3510 experimentis
2055 3370 2170 3502 phy·

667 3526 770 3624 sicis
801 3527 922 3618 circa
953 3523 1331 3637 electricitatem,
1363 3544 1447 3614 etc.
2159 3521 2164 3543 '

699 3737 705 3746 ·
742 3682 911 3799 Quum
940 3683 1037 3774 duo
1077 3712 1266 3774 nervosa
1291 3699 1566 3807 systemata,
1603 3680 1778 3804 quibus
1809 3679 2034 3780 animalia
2071 3714 2170 3807 per·

670 3841 856 3933 sectiora
892 3838 1103 3968 pollent,
1142 3836 1453 3967 physiologice
1484 3837 1869 3951 consideran-tur,
1909 3859 2170 3960 utrumque

670 4029 762 4123 pro·
789 3991 977 4125 sphaera
1014 3994 1270 4089 activitatis
1303 3992 1465 4085 haberi
1513 4015 1694 4121 potest,
1741 3991 1794 4084 in
1833 4023 1928 4118 qua
1965 3995 2171 4088 actiones

670 4151 830 4245 vitales
865 4150 1168 4244 diversimode
1198 4147 1525 4276 perficiuntur.

674 4369 679 4376 -
742 4310 801 4401 ln
831 4303 1019 4439 sphaere
1050 4302 1254 4400 animali·
1283 4300 1362 4428 (id
1393 4327 1484 4420 est,
1516 4305 1568 4396 in
1600 4305 1809 4421 cerebro,
1843 4305 2052 4398 medulla
2081 4307 2171 4434 spi-

671 4463 789 4578 nali,
817 4487 961 4587 atque
981 4464 1243 4562 eorundem·
1267 4461 1447 4580 nervis)
1476 4460 1732 4554 voluntatis
1758 4462 2173 4556 determinationes

670 4642 813 4745 atque
838 4651 1063 4718 sensuum
1088 4620 1150 4713 ad
1168 4621 1429 4714 sensorium
1458 4651 1714 4714 commune
1738 4620 1960 4712 traductae
1984 4619 2171 4747 impres-

667 4779 820 4874 siones
851 4777 944 4869 cito
970 4811 1024 4872 ac
1056 4810 1157 4873 uno
1187 4777 1319 4900 quasi
1356 4777 1456 4871 ictu
1483 4797 1783 4904 peraguntur.

743 4937 801 5032 lu
832 4929 1020 5065 sphera
1048 4935 1312 5064 vegetation
1350 4933 1497 5048 lente,
1531 4954 1826 5046 constanter,
1859 4931 1940 5066 sed
1973 4931 2169 5024 obscuro

670 5094 813 5185 mode
838 5123 1089 5188 nervorum
1117 5090 1298 5220 energia
1320 5090 1370 5184 in
1397 5071 1568 5218 organa
1591 5088 1876 5215 dispertitur.
1915 5089 2023 5183 Haec
2048 5086 2172 5180 inter

666 5283 715 5345 se
738 5248 988 5363 coherent,
1011 5245 1280 5346 seeundum»
1298 5243 1583 5378 peculiarem
1610 5244 1778 5374 agendi
1805 5276 2026 5340 normam
2048 5240 2172 5340 labo.
