5080 6812
1426 713 1496 813 90

704 927 841 1000 crant
876 901 1103 1018 minima,
1141 921 1190 996 ct
1225 900 1401 996 ramuli
1431 901 1759 996 anastomotici
1796 909 1912 998 'cum
1953 905 2217 1006 dorsalibus

706 1060 900 1164 nonnisi
932 1059 1224 1194 microscopii
1264 1090 1352 1185 ope
1391 1057 1738 1186 detegebantur.
1775 1060 1968 1156 'Nervus
1998 1061 2215 1192 splanch-

705 1217 842 1312 nicus
869 1217 922 1309 in
950 1217 1039 1308 isto
1065 1214 1371 1342 quadrupede
1397 1215 1597 1310 eandem
1623 1215 1876 1309 crassitiem
1904 1216 2131 1335 habebat,
2159 1253 2213 1314 ac

705 1370 1013 1467 intercostalis
1049 1371 1157 1497 ipsc.

776 1534 818 1648 5.
852 1525 963 1619 106.
999 1527 1205 1632 Maxime
1222 1557 1330 1618 vero
1348 1525 1559 1638 interest,
1580 1547 1636 1616 ut
1655 1525 1943 1652 generaliora
1964 1557 2213 1624 noscamus

705 1682 976 1796 corollaria,
1009 1714 1115 1804 quae
1140 1714 1194 1774 ex
1227 1701 1408 1774 attenta
1434 1680 1603 1774 deduci
1636 1694 1836 1808 possun't
1869 1684 1999 1776 nervi
2031 1717 2240 1814 sympa-¹

705 1838 869 1934 thetici
899 1836 1183 1932 animalium
1212 1835 1554 1960 disquisitione.

776 1995 995 2092 Primum
1026 1986 1331 2086 aMeclrelio¹
1364 2013 1412 2084 ct
1443 1990 1522 2086 W
1513 1983 1681 2082 ebero²
1708 2013 1777 2084 est
1807 2012 2053 2110 notatum,
2086 1993 2216 2126 quod

704 2143 874 2246 nervus
905 2142 1276 2281 symputleticus
1315 2145 1502 2238 ratione
1538 2141 1876 2273 magnitudinis
1914 2151 2131 2280 corporis
2164 2154 2215 2244 in

703 2300 987 2402 vertebratis
1015 2295 1305 2400 animalibus
1335 2332 1389 2393 eo
1415 2301 1478 2394 sit
1507 2301 1684 2413 minor,
1719 2331 1813 2431 quo
1843 2304 2075 2431 iry‘eriora
2105 2328 2216 2402 sunt

702 2457 935 2556 animalia
960 2460 1078 2590 t'psa.
1119 2461 1219 2556 Prae
1246 2459 1472 2553 omnihus
1496 2482 1658 2554 autem
1691 2461 1871 2554 eminet
1899 2493 2067 2556 nervus
2094 2497 2213 2594 sym-

702 2616 968 2746 pathcticus
1001 2613 1234 2728 hominis,
1279 2615 1415 2740 eujus
1455 2615 1598 2714 etiam
1635 2615 1879 2712 cerebrum
1915 2641 1963 2711 et
2000 2619 2209 2714 medulla

701 2774 899 2902 spinalis
920 2796 1118 2907 systema
1138 2803 1388 2870 nervosum
1415 2772 1700 2868 animalium
1728 2775 2058 2902 magnitudine
2084 2799 2212 2898 antc-

704 2929 844 3026 ccllit
881 2932 950 3028 Eo
974 2929 1119 3058 magis
1144 2951 1325 3044 autem,
1347 2951 1576 3028 monente
1600 2929 1680 3024 W
1670 2924 1834 3042 chero,
1857 2954 2055 3066 systema
2081 2934 2209 3027 nervi

702 3085 1030 3216 sympathetici
1058 3084 1299 3184 excultum
1330 3084 1592 3200 videbitur,
1626 3118 1724 3209 quo
1753 3088 1943 3212 juniora
1973 3111 2090 3184 sunt
2112 3089 2212 3182 ani-

703 3243 870 3358 malia,
899 3241 951 3335 in
976 3242 1152 3364 quibus
1185 3241 1311 3340 istud
1339 3242 1684 3342 examinaveris.
1723 3243 1825 3336 Hoc
1852 3245 2072 3342 convenit
2097 3278 2209 3340 cum

703 3401 820 3492 meis
858 3397 1108 3496 observatis
1146 3398 1265 3496 circa
1309 3399 1477 3495 loetum
1517 3396 1821 3513 humanum,
1856 3399 1991 3526 cujus
2026 3398 2209 3528 ganglia

703 3575 848 3677 atquc
885 3554 1006 3650 rami
1056 3554 1235 3649 nervosi
1279 3554 1424 3681 magis
1474 3573 1717 3679 apparent¹
1739 3554 1931 3679 perlecti
1965 3587 2114 3680 quam
2157 3556 2209 3652 in

704 3709 900 3824 adultis,
932 3711 969 3804 si
1004 3711 1231 3836 exceperis
1259 3707 1442 3837 ganglia
1473 3707 1791 3812 semilunaria.

774 3871 815 3987 §-
840 3895 950 3994 ¹⁰7·
975 3865 1251 3960 Secundum
1272 3865 1634 3979 consectarium,
1661 3863 1878 3987 illudque
1901 3865 2096 3964 maximi
2114 3899 2211 3960 mo-

704 4022 880 4140 menti,
903 4024 1137 4118 rationem
1162 4021 1331 4120 statuit
1357 4022 1484 4120 inter
1510 4053 1710 4120 nervum
1737 4019 2137 4149 sympatheticum
2163 4043 2212 4116 et

703 4213 791 4306 par
818 4212 1011 4308 vagum,
1042 4177 1242 4274 adeum
1278 4173 1450 4293 finem,
1484 4199 1541 4274 ut
1570 4209 1698 4272 unus
1731 4178 1930 4274 istorum
1956 4191 2209 4272 neruorum

704 4337 973 4430 functiones
1004 4333 1227 4461 suscipiat
1258 4334 1463 4430 alterius
1494 4333 1663 4434 Visum
1692 4334 1824 4433 enim
1857 4354 1925 4426 est
1952 4334 2006 4433 in
2031 4335 2211 4430 anima·

704 4489 830 4588 libus
850 4491 1120 4586 tenebratis
1146 4491 1379 4588 inferioris
1411 4490 1605 4612 ordinis²
1629 4491 1761 4613 quod
1792 4521 1961 4586 nervus
1989 4523 2129 4618 vagus
2155 4521 2210 4584 co

638 4757 640 4770 ¹
703 4650 850 4778 magis
892 4649 1099 4744 emineat
1144 4649 1303 4775 quoad
1344 4680 1499 4746 ramos
1543 4647 1604 4742 ad
1647 4646 1870 4743 intestina
1913 4643 2210 4761 distributos,

704 4837 802 4928 quo
829 4804 974 4932 magis
1004 4835 1173 4941 neruus
1199 4804 1568 4933 sympathcticus
1601 4803 1844 4911 decrescit3
1878 4823 2214 4928 repertumque

703 4963 858 5058 estin
902 4961 1190 5085 quibusdam
1234 4961 1526 5056 animalibus
1563 4991 1665 5058 non
1710 4957 1980 5062 vertebratis
2020 4956 2215 5055 nullum

750 5196 758 5225 ¹
782 5193 975 5260 Deutrcles
993 5189 1128 5260 Archiv
1143 5187 1220 5284 fiir
1240 5187 1298 5257 dic
1319 5146 1502 5284 Pityaia&
1525 5198 1615 5260 uter
1632 5189 1755 5266 Band,
1774 5209 1813 5275 p.
1833 5211 1892 5274 ro,
1917 5207 1970 5258 tt·

748 5310 964 5374 'Auatomia
988 5319 1187 5397 comparata·
1208 5307 1306 5374 nervi
1333 5305 1595 5395 sympathetici,
1622 5327 1658 5391 p.
1682 5310 1734 5388 7³·
1861 5363 1866 5372 .
