5080 6812
1353 615 1423 710 66

628 831 820 970 plexum
855 829 1073 956 divellere
1101 832 1221 923 mibi
1259 831 1418 949 licuit,
1460 836 1512 927 in
1547 868 1645 960 quo
1675 834 1917 935 filamenta
1952 876 2138 966 nervea,

630 987 935 1112 microscopio
964 985 1179 1103 lustrata,
1208 1011 1442 1114 tanquam
1465 993 1661 1085 taeniolae
1682 996 1776 1086 sive
1802 995 1999 1092 fasciolae
2023 1003 2140 1098 albae

629 1140 911 1242 semilucidae
945 1143 1034 1236 sibi
1073 1143 1275 1237 invicem
1308 1146 1632 1240 nectebantur.
1689 1151 1745 1240 ln
1783 1149 1908 1244 hisce
1943 1155 2139 1250 fasciolis

631 1297 824 1390 directio
849 1296 1037 1394 linearis
1065 1320 1209 1421 atque
1234 1297 1403 1394 fibrosa
1426 1301 1606 1396 indoles
1634 1304 1947 1418 characterem
1971 1313 2140 1404 consti·

629 1477 780 1555 tuunt
814 1453 942 1551 nervi
962 1453 1271 1549 essentialem.
1297 1457 1490 1583 Adjacet
1511 1490 1618 1551 vero
1633 1429 1914 1556 ‘substantia
1938 1465 2136 1560 istorum

627 1613 921 1742 gangliorum
965 1609 1086 1738 albae
1124 1634 1267 1735 atque
1308 1608 1520 1707 filisormi
1563 1614 1680 1729 alia,
1730 1617 1897 1710 coloris
1940 1621 2135 1736 cinerei,

629 1791 914 1885 tomentosa,
951 1764 1107 1897 figurae
1141 1766 1436 1881 orbicularis,
1478 1769 1531 1862 in
1568 1770 1761 1864 nullum
1794 1771 1987 1899 plexum
2020 1777 2136 1868 redi-

626 1927 776 2053 genda
792 1925 825 2040 ¹,
844 1959 966 2049 quaa,
992 1957 1097 2016 meo
1123 1923 1318 2047 quidem
1339 1923 1537 2050 judicio,
1558 1905 1815 2022 secundam
1837 1929 2133 2057 gangliorum

629 2084 875 2177 materiam
905 2114 986 2174 seu
1021 2079 1335 2174 substantiam
1363 2079 1516 2175 eflicit.

700 2239 758 2330 ln
790 2237 1048 2362 majoribus
1085 2234 1305 2363 gangliis,
1339 2234 1553 2336 videlicet
1591 2237 1642 2328 in
1677 2237 1912 2366 thoracico
1939 2241 2132 2365 prime,

628 2413 770 2515 atque
800 2390 1187 2504 semilunaribus,
1214 2390 1436 2487 crassities
1468 2413 1611 2514 atque
1643 2393 1845 2486 densitas
1872 2396 2131 2488 eorundem

626 2548 798 2675 major,
830 2569 958 2641 utet
991 2545 1143 2672 major
1169 2577 1446 2637 nerveorum
1475 2548 1739 2639 staminum
1768 2547 2027 2662 intricatio,
2053 2582 2132 2642 en·

627 2701 852 2796 clreiresin
879 2702 1032 2794 reddit
1058 2700 1401 2802 difficillimam.
1442 2675 1789 2817 Nihilominus,
1814 2727 1919 2829 post
1941 2703 2130 2833 longam

625 2881 769 2981 atque
804 2858 1084 2956 diuturnam
1130 2856 1525 2971 macerationem,
1561 2859 1852 2974 substantia,
1893 2893 1996 2983 quae
2035 2862 2131 2954 istis

626 3015 748 3107 inest
780 3013 993 3141 gangliis,
1033 3009 1350 3124 filamentosa,
1380 3032 1428 3103 et
1455 3044 1560 3135 quae
1595 3013 1841 3106 manifesta
1878 3044 2129 3108 nervorum

625 3169 993 3296 ingredientium
1028 3189 1095 3260 est
1138 3199 1369 3293 propago,
1415 3165 1466 3257 in
1508 3167 1718 3262 surculos
1765 3169 1894 3263 albos
1941 3174 2131 3265 tenerri-

624 3356 821 3448 mosque
856 3322 1121 3436 resolvitur,
1167 3321 1493 3428 cuimateries
1535 3323 1619 3421 ista
1665 3325 1882 3438 cinerea,
1928 3358 2127 3420 massam

624 3480 935 3575 orbicularem
968 3502 1014 3572 et
1043 3477 1335 3606 globulosam
1371 3477 1593 3592 reserens,
1635 3480 1911 3607 interposita
1951 3504 2019 3574 est
2055 3481 2127 3576 vel

620 3635 899 3730 substrata.²

695 3791 935 3920 Ganglion
956 3790 1174 3890 cervicale
1199 3790 1412 3917 primum
1435 3788 1592 3884 solum
1615 3790 1758 3919 alege
1781 3793 1983 3922 generali
2011 3825 2127 3887 reee-

622 3951 729 4041 dere
761 3949 882 4045 mihi
921 3948 1124 4059 videtur,
1160 3947 1338 4072 quippe
1370 3945 1504 4072 cujus
1530 3947 1792 4041 substantia
1831 3980 1932 4041 non
1961 3949 2127 4076 dispes-

623 4105 746 4200 citur
767 4105 821 4200 in
843 4103 1187 4202 filamentosam
1207 4123 1350 4224 atque
1369 4100 1693 4198 orbicularem.
1723 4101 1962 4231 Ganglion
1981 4104 2123 4218 istud,

621 4294 705 4387 per
746 4261 937 4388 triginta
973 4260 1159 4354 dierum
1198 4259 1406 4384 spatium
1445 4259 1749 4354 macerationi
1791 4260 2123 4373 commissum,

621 4415 871 4511 mollitiem
900 4417 1094 4538 quidem
1131 4415 1399 4538 acquisivit,
1427 4415 1506 4508 sed
1539 4415 1623 4507 diu
1651 4447 1850 4508 massam
1877 4389 2125 4510 constituit

620 4569 971 4700 homogeneam.
1032 4569 1338 4696 Microseopio
1376 4568 1655 4684 lustratum,
1695 4568 2122 4667 innumerabilium

620 4723 812 4821 filorum
831 4726 1214 4840 tenerrimorum,
1231 4727 1439 4854 gossypio
1458 4725 1589 4817 haud
1603 4724 1915 4838 absimilium,
1935 4746 2121 4852 gratum

619 4880 766 4973 oculis
795 4879 1116 5008 spectaculum
1139 4880 1315 4976 obtulit
1327 4919 1340 4990 ς
1364 4881 1460 4974 haec
1478 4913 1584 4975 vcro
1602 4853 1902 4974 nullomodo
1923 4879 1975 4973 in
1997 4879 2124 4974 lasci·

668 5127 676 5153 ¹
703 5124 829 5209 Figura
852 5122 889 5184 in
914 5123 1029 5185 tabula
1050 5124 1200 5184 secunda
1222 5141 1400 5206 expressa,
1422 5121 1486 5184 liu.
1513 5143 1545 5204 q.
1571 5120 1608 5186 C.
1631 5122 1681 5186 H.
1704 5121 1757 5186 Μ.

667 5245 679 5273 ’
702 5239 834 5302 Tabula
857 5237 975 5323 tertia,
997 5237 1109 5323 figura
1130 5241 1300 5322 secunda,
1321 5237 1385 5302 tiit
1409 5237 1441 5300 d·
1464 5238 1498 5302 d.
1521 5237 1554 5301 d·
1577 5237 1610 5301 d·
1633 5237 1666 5300 d.
