5076 6816
1065 653 1154 754 151

348 876 461 969 artis
487 878 661 971 auxilio
679 876 915 971 sistendas.
944 875 1101 1002 Hujus
1120 875 1287 1004 puellae
1308 877 1468 970 inveni
1485 897 1668 1006 partem
1692 878 1854 1006 plexus

345 1032 507 1125 solaris
533 1036 772 1128 sinistram
799 1057 949 1127 totam
971 1034 1348 1147 inflammatam,
1377 1065 1531 1159 quum
1561 1036 1721 1128 dextra
1751 1067 1852 1127 non

346 1189 576 1282 recederet
601 1224 627 1281 a
655 1214 782 1284 statu
813 1189 1056 1283 naturali.¹
1089 1190 1201 1306 Quo
1227 1191 1396 1282 certior
1418 1224 1524 1283 vero
1548 1187 1728 1303 fierem,
1750 1188 1852 1281 loco

346 1343 590 1438 rubedinis
622 1347 741 1438 forte
777 1343 1097 1457 accidentalis,
1132 1375 1295 1436 veram
1329 1346 1481 1437 adesse
1518 1344 1852 1437 inflammatio-

347 1529 483 1612 nem,
505 1533 590 1626 per
615 1501 801 1625 aliquot
824 1501 922 1594 dies
949 1499 1142 1626 plexum
1165 1501 1310 1592 istum
1338 1533 1472 1624 aquae
1497 1532 1626 1626 purae
1653 1497 1853 1591 immisi=

346 1685 443 1776 quo
472 1657 651 1750 sactum
672 1678 762 1772 est,
790 1679 865 1772 ut,
891 1656 1076 1749 sublato
1098 1654 1207 1749 licet
1231 1655 1647 1770 inflammationis,
1672 1655 1850 1777 quoda

346 1809 499 1903 colore
521 1813 720 1940 pendet,
756 1815 908 1941 signo,
935 1834 1098 1904 tamen
1131 1812 1309 1906 ssavedo
1337 1813 1603 1906 subsisteret
1632 1812 1684 1903 in
1717 1831 1851 1939 parte

345 1963 532 2081 affecta,
556 2000 661 2091 quae
681 2001 781 2063 non
802 1968 1239 2094 deprehendebatur
1257 1969 1471 2060 inssaltera
1492 1993 1605 2060 sana
1623 2006 1635 2060 z
1654 1999 1759 2090 quae
1781 1998 1849 2059 res
1936 2063 1941 2072 ,

345 2141 561 2237 testatur,
587 2122 666 2214 hic
692 2123 905 2247 aliquam
932 2122 1261 2215 alterationem
1287 2120 1526 2216 adfuisse.²

417 2277 657 2371 Incassum
682 2278 903 2402 inquisivi
924 2279 975 2370 in
994 2277 1359 2370 convulsionum
1379 2312 1555 2393 causas,
1577 2278 1695 2370 dum
1721 2309 1851 2372 ence-

344 2430 525 2559 phalon
561 2432 693 2526 istius
717 2433 947 2526 cadaveris
971 2434 1319 2542 examinabam5
1351 2435 1528 2560 quippe
1551 2465 1655 2558 quae
1673 2435 1849 2556 absque

344 2586 493 2678 dubio
519 2569 888 2715 symptomaticae
912 2609 1103 2679 tantum
1133 2590 1283 2704 fuere,
1313 2610 1360 2681 et
1378 2624 1406 2680 a
1433 2590 1665 2684 reactione
1687 2588 1850 2717 plexus

343 2741 503 2834 solaris
528 2744 733 2836 morbosi
761 2777 915 2838 versus
944 2743 1187 2836 cerebrum
1219 2745 1471 2869 productae.
1545 2799 1548 2810 =
1606 2778 1609 2783 ·
1812 2855 1815 2860 ¹

415 2898 525 2990 Jam
561 2899 887 2994 celeberrimus
914 2901 1141 3026 professor
1169 2901 1482 3029 Tubingensis
1511 2880 1849 3014 Autenrz'etlt⁸,

346 3055 539 3146 cadaver
575 3053 779 3148 lustrans
808 3031 975 3181 puellae
1011 3090 1038 3147 a
1075 3057 1189 3150 tussi
1228 3057 1377 3151 ferina
1411 3079 1608 3172 enectae,
1647 3087 1847 3150 nervum

344 3241 516 3336 vagum
538 3211 709 3336 reperit
735 3209 1090 3305 inflammatum
1117 3213 1167 3304 in
1187 3233 1287 3304 toto
1309 3245 1394 3305 suo
1420 3214 1617 3308 decursu
1641 3245 1726 3339 per
1748 3209 1851 3302 tho-

345 3397 512 3457 racem.
541 3365 765 3490 Ejusdem
790 3365 1049 3458 neurilema
1079 3366 1312 3495 eleganter
1334 3369 1519 3493 pictum
1555 3390 1655 3460 erat
1682 3401 1708 3459 a
1734 3369 1849 3460 vasis

344 3521 573 3648 sanguine
594 3519 817 3645 impletis,
837 3543 884 3613 et
901 3519 1047 3647 pulpa
1068 3553 1233 3614 nervea
1254 3521 1457 3616 colorem
1480 3524 1680 3615 rubrum
1701 3545 1850 3616 osten·

345 3677 487 3768 debat
516 3677 776 3801 impurum.
821 3676 958 3770 Nervi
995 3677 1217 3792 cardiaci,
1255 3699 1439 3771 tumet
1472 3710 1642 3772 nervus
1668 3712 1849 3807 sympa-

346 3831 521 3946 thicus,
546 3832 599 3924 in
628 3851 816 3960 pectore
842 3831 1074 3958 inclusus,
1100 3833 1427 3928 alterationem
1450 3837 1695 3960 quandam
1713 3855 1849 3928 erant

345 3986 481 4115 passi.

419 4144 552 4235 Idem
579 4164 743 4236 auctor
772 4145 951 4260 asserit,
990 4177 1038 4237 se
1068 4176 1231 4239 nervos
1264 4146 1428 4240 vidisse
1462 4145 1731 4246 abdominis
1769 4145 1849 4239 ali·
1900 4135 1905 4146 ’

347 4298 623 4429 quantisper
658 4321 866 4394 mutatos
905 4303 957 4394 in
995 4303 1295 4396 cadaveribus
1334 4303 1591 4434 bominum
1633 4335 1660 4394 a
1699 4301 1848 4431 typho

347 4479 678 4549 mortuorume
703 4458 752 4549 id
779 4460 909 4582 quod
932 4459 1069 4558 nullo
1097 4460 1261 4578 modo,
1285 4459 1400 4560 meis
1427 4435 1846 4575 observationibus,

347 4608 628 4707 confirmare
660 4647 865 4743 possum.

392 4923 406 4962 l
428 4925 562 4991 Tabula
583 4934 719 5016 octava,
740 4927 799 5018 fig.
820 4953 850 4996 ι.

393 5043 407 5077 '
433 5043 543 5130 lbid.,
565 5043 624 5132 fig.
642 5065 673 5108 a.

393 5143 407 5198 l
435 5145 1228 5252 Tit'birtger·BloetterffirNatrirwisremclrafl
1238 5161 1316 5226 und
1323 5157 1719 5250 Arznqylundererrter
1727 5157 1847 5233 Baud,

352 5272 493 5336 tart..
895 5300 900 5312 ·
1373 5299 1380 5310 ·
1478 5301 1483 5306 ·
1608 5287 1656 5302 “·
