5080 6812
1369 667 1434 766 58

647 914 788 1000 aunt3
829 921 934 1014 quae
968 908 1153 1004 autem,
1190 890 1310 982 dum
1344 889 1549 1017 scalpelli
1582 888 1731 981 aeica
1762 920 1810 982 se
1840 888 2157 1010 divelluntur,

649 1049 765 1142 adeo
797 1048 921 1140 inter
952 1073 1000 1140 se
1032 1047 1184 1172 juncti
1222 1047 1670 1173 deprehenduntur,
1707 1066 1763 1136 ut
1802 1047 2155 1141 intricationem

649 1204 945 1297 constituant
985 1206 1261 1330 perfectam,
1294 1203 1365 1296 vel
1399 1236 1563 1296 verum
1601 1202 1807 1296 efficiant
1837 1201 2062 1328 plexum,
2091 1204 2157 1300 iis

648 1359 852 1452 similem
886 1391 1005 1482 quos
1040 1359 1406 1458 luctaminibus
1437 1360 1620 1452 invenis
1653 1357 1781 1451 nervi
1805 1353 2049 1473 mediani,
2080 1392 2157 1452 cu-

649 1514 828 1629 bitalis,
863 1537 972 1608 etc..
1127 1495 1131 1504 ’
1874 1589 1881 1606 .

720 1675 760 1789 5.
791 1669 871 1796 76.
907 1670 1050 1764 Haud
1079 1702 1207 1764 secus
1242 1703 1295 1764 ac
1330 1693 1528 1763 truncus
1559 1668 1688 1762 rami
1718 1700 1765 1760 se
1806 1667 1987 1761 habent
2025 1669 2154 1761 nervi

649 1824 990 1952 sympathetici.
1050 1827 1194 1918 Putat
1240 1826 1436 1948 quidem
1476 1819 1714 1937 Bretatz.
1743 1856 1897 1917 ramos
1942 1855 2156 1916 nervosos

650 1982 909 2107 systematis
929 1980 1150 2108 gangliosi
1175 1978 1376 2106 duplicis
1396 2011 1492 2072 esse
1512 1978 1686 2072 indolis
1708 2017 1719 2069 ε
1743 1974 1867 2069 alim
1895 1979 1996 2094 (eos
2017 1999 2156 2104 puta,

651 2135 737 2258 qui
769 2169 886 2230 ,cum
925 2136 1187 2264 spinalibus
1222 2157 1367 2258 atque
1406 2133 1718 2228 cerebralibus
1763 2131 2157 2249 communicant)

627 2289 860 2415 ejusdem
883 2325 976 2384 esse
1005 2313 1185 2384 naturae
1211 2326 1264 2382 ac
1294 2292 1424 2382 nervi
1450 2288 1723 2402 cerebralcS,
1750 2289 1910 2412 quoad
1934 2287 2158 2400 colorem,

652 2445 925 2540 facultatem
962 2480 1038 2538 eos
1077 2447 1344 2558 dividendi,
1382 2468 1430 2538 et
1460 2444 1854 2570 compositionem
1889 2475 1916 2534 e
1949 2441 2157 2536 medulla

650 2635 677 2694 a
712 2602 1020 2697 neurilemate
1055 2601 1257 2709 inclusa;
1291 2596 1436 2711 alios,
1472 2600 1766 2691 econtrario
1801 2599 1902 2717 (eos
1929 2597 2155 2691 scilicete

651 2755 845 2884 gangliis
861 2757 1185 2884 egredientes),
1205 2787 1297 2848 esse
1317 2755 1500 2870 molles,
1517 2755 1700 2867 tenues,
1721 2753 1947 2867 cinercos,
1968 2752 2152 2846 nullam

652 2912 930 3004 divisionem
961 2913 1287 3025 admittentes,
1316 2933 1560 3006 structurae
1590 2910 1964 3008 indeterminate*
1997 2910 2153 3034 quoad

653 3067 878 3160 fabricam
905 3103 934 3160 e
966 3067 1254 3162 medullatae
1290 3066 1609 3161 neurilemate.

661 3295 669 3312 .
724 3223 871 3316 Plane
908 3225 1134 3316 diversam
1165 3225 1443 3351 opinionem
1482 3243 1644 3314 tuetur
1681 3218 1919 3351 Scarpffl,
1958 3221 2154 3337 docens,

654 3377 849 3471 ultimos
877 3411 1127 3472 nervorum
1150 3378 1383 3492 surculos,
1413 3400 1470 3469 ut
1497 3399 1554 3470 ut
1582 3377 1718 3470 exiles
1744 3399 2023 3499 tenuesque,
2053 3409 2154 3470 non

652 3568 783 3628 secus
815 3568 868 3626 ac
901 3535 1097 3660 majores
1124 3567 1306 3648 neruos,
1343 3532 1580 3625 funiculos
1617 3565 1709 3627 esse
1728 3566 1796 3624 ex
1825 3532 2027 3625 aliorum
2057 3565 2158 3624 ner·

652 3723 821 3782 rorum
850 3690 1263 3817 conjugationibus
1291 3690 1596 3818 compositoS,
1626 3689 1681 3780 iis
1711 3718 1810 3780 non
1837 3688 2035 3813 exceptis
2071 3688 2155 3811 qui

655 3844 907 3973 egangliis
941 3843 1316 3972 proficiscuntur.

659 4063 665 4070 -
725 4006 765 4119 5.
798 4035 875 4124 pp.
915 4001 1033 4115 Quae
1062 4033 1148 4128 'ego
1173 4001 1424 4112 observavi,
1455 3999 1697 4092 sententiaa
1723 4032 1749 4091 a
1775 3993 1946 4090 Biclrat
1967 3996 2157 4125 prolatae

656 4185 756 4248 non
796 4155 966 4248 favent.
1031 4158 1210 4253 Nervus
1246 4155 1609 4283 splanchnicus,
1663 4155 1747 4278 qui
1793 4175 1914 4246 certe
1957 4152 2158 4281 ganglio-

654 4341 764 4400 rum
789 4332 856 4402 est
883 4343 1109 4440 propago,
1140 4343 1496 4434 nonnunquam
1521 4310 1717 4426 latescit,
1749 4332 1893 4433 atque
1919 4308 2155 4401 fasciolam

654 4464 826 4558 format
858 4489 971 4558 ante
1000 4500 1142 4560 suum
1173 4470 1224 4560 in
1251 4466 1433 4596 ganglia
1468 4465 1769 4560 semilunaria
1801 4467 2079 4592 ingressum,
2104 4465 2155 4558 iu

654 4649 750 4740 qua
788 4621 912 4713 facili
946 4625 1130 4751 negotio
1162 4624 1403 4716 numerari
1436 4655 1490 4716 ac
1522 4623 1682 4716 dirimi
1720 4643 1919 4749 possunt
1952 4622 2158 4712 stamina

655 4775 829 4896 quibus
848 4761 1194 4904 'componiturf
1225 4780 1433 4873 Minores
1460 4782 1579 4872 rami
1608 4779 1770 4870 eadem
1796 4777 1977 4872 ratione
2001 4773 2158 4870 divelli

702 5059 711 5088 ¹
735 5053 928 5121 Anatomr'e
947 5059 1130 5148 generale,
1156 5067 1179 5120 t.
1201 5081 1291 5145 1,p.
1312 5079 1390 5138 ²40.

701 5175 713 5204 ¹
736 5175 893 5244 Annotat.
914 5176 1081 5256 academ,
1103 5175 1126 5234 1.
1147 5197 1182 5258 ι,
1206 5195 1234 5236 c.
1256 5194 1295 5258 4,
1314 5175 1342 5260 ς.
1362 5195 1392 5238 a.

700 5280 712 5322 ⁵
735 5289 825 5356 Vide
850 5289 973 5353 tabule
995 5287 1101 5352 tertiae
1122 5287 1268 5376 figuram
1290 5291 1448 5376 primam.
