5080 6812
1110 663 1173 764 53

385 878 615 1001 fluidam)
647 887 951 981 excrescentia
981 891 1202 1017 apparuit
1235 892 1449 1021 fungosa,
1475 890 1773 1022 longitudine
1798 921 1897 1016 sep-

384 1056 481 1130 tem
506 1039 769 1158 linearum,
791 1043 911 1140 scllae
933 1048 1118 1141 turcicae
1141 1048 1371 1174 imposita.
1405 1048 1548 1144 Nulla
1574 1048 1728 1140 adfuit
1753 1047 1891 1138 crista

380 1193 522 1322 galli:
555 1194 807 1307 deficiebat¹
830 1235 937 1328 pars
969 1205 1160 1296 narium
1193 1204 1403 1313 sinistra;
1444 1205 1522 1297 sed
1558 1203 1719 1298 locum
1755 1200 1889 1325 quasi

381 1351 541 1444 tenuit
581 1355 844 1482 proboscis,
887 1381 992 1452 octo
1039 1358 1187 1453 lineas
1228 1358 1366 1488 longa
1408 1381 1455 1453 et
1493 1383 1701 1483 quatuor
1742 1357 1890 1450 lineas

380 1501 499 1622 lata,
527 1540 554 1600 e
581 1509 679 1604 sola
708 1533 817 1610 cute
849 1534 897 1606 et
919 1514 1011 1608 tela
1046 1514 1264 1608 cellulosa
1297 1517 1520 1630 formata,
1545 1551 1572 1607 a
1603 1516 1703 1608 nasi
1733 1514 1886 1644 radice

376 1663 588 1788 pendula
616 1685 664 1758 et
690 1668 843 1762 canali
871 1695 1079 1798 pertusa,
1109 1673 1194 1795 qui
1221 1673 1310 1765 sub
1334 1672 1515 1764 lamina
1546 1672 1748 1764 cribrosa
1778 1667 1887 1766 ossis

377 1817 634 1913 ethmoidei
668 1820 815 1916 finem
852 1825 1037 1921 babuit.
1094 1827 1361 1920 Oculorum
1393 1826 1528 1922 nulla
1564 1829 1761 1923 aderant
1795 1856 1887 1918 ves·

377 1973 510 2100 tigia,
540 2007 627 2069 nec
656 1982 1124 2098 musculorumrncc
1159 2015 1410 2104 nervorum
1420 2023 1432 2092 3
1461 1984 1658 2080 aderant
1688 1982 1885 2106 quidem
1942 2023 1945 2028 ·

377 2129 561 2246 orbitae,
592 2134 827 2260 palpebris
856 2136 1042 2252 clausae,
1078 2140 1157 2232 sed
1190 2138 1373 2266 repletae
1403 2160 1539 2232 erant
1579 2159 1710 2232 textu
1744 2136 1884 2230 cellu-

374 2281 486 2376 loso.
533 2285 831 2384 Deficiebant
870 2327 1029 2388 ramus
1064 2293 1284 2422 lingualis
1319 2294 1448 2386 nervi
1482 2292 1735 2388 maxillaris
1772 2268 1885 2388 infe-

374 2438 509 2532 rioris
528 2463 576 2533 et
599 2473 768 2582 nemus
786 2447 1112 2577 hypoglossus3
1129 2451 1209 2546 sed
1230 2449 1359 2542 nervi
1378 2447 1727 2578 sympathetici,
1744 2446 1882 2540 solito

373 2594 594 2720 majores,
638 2633 793 2694 ramos
823 2606 1192 2731 suppeditabant
1226 2639 1254 2698 e
1282 2604 1467 2733 ganglio
1509 2601 1718 2700 cervicali
1752 2634 1884 2727 supe-

373 2749 487 2880 riori
513 2755 705 2848 eductos
734 2760 794 2850 ad
830 2759 1045 2889 linguam
1077 2761 1382 2888 ejusdemque
1416 2758 1665 2858 musculos.
1717 2758 1882 2852 Cetera

373 2907 502 2999 nerui
552 2911 859 3009 intercostalis
911 2919 1071 3047 magni
1119 2918 1390 3012 distributio
1435 2951 1462 3010 a
1499 2937 1626 3014 statu
1677 2912 1882 3010 normali
1978 2965 1981 2972 ·

372 3091 473 3198 non
500 3069 754 3163 recedebat.
791 3072 935 3169 Nulla
972 3077 1023 3167 in
1057 3077 1145 3170 isto
1181 3077 1298 3169 foetu
1332 3075 1493 3168 aderat
1523 3070 1748 3201 glandula
1780 3069 1883 3198 thy-

371 3218 566 3314 reoidea.
596 3224 858 3321 Testiculus
875 3230 1061 3324 sinister
1083 3232 1135 3324 in
1153 3254 1305 3324 scroto
1327 3229 1683 3337 continebatur;
1704 3227 1880 3342 dexter,

368 3375 455 3466 suo
484 3378 803 3504 gubernaculo
827 3387 1070 3500 munitus,
1104 3387 1156 3478 in
1185 3386 1443 3480 abdomine
1470 3383 1625 3481 adhuc
1652 3381 1882 3475 latitabat.

439 3533 480 3650 5.
502 3530 584 3659 67.
615 3533 823 3629 Cadaver
845 3539 1039 3632 dissecui
1071 3542 1208 3634 foetus
1231 3540 1431 3668 perfecte
1459 3539 1660 3653 somnii,
1678 3531 1735 3674 ¹et
1763 3539 1877 3630 adeo

367 3687 536 3802 torosi,
585 3711 641 3782 ut
677 3693 943 3786 crassiorem
982 3714 1127 3821 atque
1165 3696 1476 3822 adiposiorcm
1524 3724 1777 3816 nunquam
1817 3693 1880 3784 vi-

366 3821 555 3965 decim(¹
581 3845 775 3940 Pondus
817 3849 1024 3946 habebat
1065 3874 1171 3945 octo
1210 3852 1442 3945 librarum
1486 3883 1597 3944 cum
1646 3848 1876 3963 dimidia,

366 3995 715 4126 longitudinem
750 3993 1011 4100 octodecim
1041 4007 1297 4136 pollicum,
1336 4009 1624 4100 diametrum
1657 4005 1903 4142 humero-¹

363 4187 474 4246 rum
515 4177 620 4250 octo
656 4157 887 4286 pollicum
927 4196 1039 4281 cum
1082 4187 1188 4258 octo
1229 4164 1379 4261 lineis.
1437 4162 1639 4257 Pectoris
1679 4161 1876 4300 circum-

363 4308 558 4404 ferentia
589 4316 812 4410 tredecim
839 4319 1030 4446 pollices
1055 4322 1297 4448 aequabat‚
1326 4319 1562 4412 abdomen
1593 4350 1698 4456 tero
1728 4317 1874 4411 unde-

359 4463 456 4556 cim
473 4467 663 4594 pollices
685 4505 795 4567 cum
819 4473 955 4570 lincis
974 4509 1157 4574 novem.
1180 4478 1425 4571 Diameter
1444 4475 1661 4568 clunium
1678 4505 1752 4566 sex
1773 4494 1873 4567 erat

357 4620 603 4746 pollicum·
662 4628 789 4722 Loco
831 4634 1006 4728 cerebri
1051 4656 1214 4728 tumor
1250 4635 1411 4726 aderat
1451 4630 1628 4746 mollis,
1654 4663 1699 4734 ,a
1733 4629 1866 4722 tenui

357 4778 645 4902 cpidermide
664 4805 836 4902 tectus,
858 4821 969 4882 cum
990 4791 1087 4884 basi
1109 4775 1256 4884 cranii
1279 4789 1379 4882 laxe
1400 4761 1722 4901 cohaerenspin
1746 4785 1867 4877 duos

354 4929 487 5027 lobos
511 4937 703 5050 divisus;
731 4942 1019 5040 diametrum
1045 4946 1225 5040 habens
1255 4947 1464 5039 duorum
1492 4919 1722 5068 pollicum
1751 4935 1863 5076 cum

356 5117 524 5182 novem
567 5091 734 5211 lineis,
791 5093 1096 5195 altitudinem
1147 5099 1442 5228 undeviginti
1482 5098 1754 5206 linearum3
1807 5129 1862 5188 ex

350 5266 484 5371 parte
501 5246 590 5340 tela
611 5238 867 5371 retitulari,
887 5259 1160 5382 substantiae
1174 5259 1426 5389 spongiosae
1442 5285 1694 5390 corporum
1714 5240 1861 5346 caver·
