5076 6816
1399 706 1457 806 15‘
1466 711 1496 808 8

693 926 916 1043 ducebat,
941 950 996 1023 et
1025 928 1179 1022 forsan
1217 926 1426 1022 dolorem
1444 927 1650 1021 ‘humeri
1682 925 1871 1021 sinistri.
1917 926 2010 1022 Sed
2037 956 2202 1024 nonne

692 1115 942 1178 nervorum
965 1087 1182 1179 morbosa
1210 1084 1420 1177 conditio
1444 1083 1709 1213 symbolam
1734 1115 1870 1176 suam
1892 1086 2102 1177 conferre
2121 1118 2203 1211 po-

691 1258 810 1330 terat
835 1241 895 1331 ad
919 1241 1224 1367 producenda
1253 1241 1338 1334 ista
1368 1240 1716 1367 phaenomena?
1750 1239 2044 1366 Compressio
2070 1241 2200 1333 nervi

689 1393 903 1520 phrenici
929 1419 976 1490 et
1002 1396 1132 1491 nervi
1163 1395 1260 1524 vagi
1287 1429 1314 1486 a
1344 1395 1498 1488 densis
1527 1396 1653 1488 sacci
1670 1395 2033 1523 aneurysmatici
2071 1429 2203 1522 pseu·

690 1549 1044 1646 domcmbranis
1076 1573 1324 1680 poteratne
1357 1549 1599 1642 inlluxum
1637 1581 1888 1643 nervosum
1918 1535 1972 1643 in
2006 1584 2201 1680 organa,

691 1705 868 1828 quibus
889 1709 1206 1835 prospiciunt,
1224 1678 1470 1799 inhibere?
1497 1705 1655 1818 Tunc,
1673 1725 1824 1797 status
1844 1707 2081 1798 marcidus
2100 1706 2203 1832 pul·

691 1863 850 1955 monis
883 1863 1059 1956 sinistri
1092 1893 1256 1956 nonne
1294 1858 1485 1955 effectus
1518 1859 1610 1954 luit
1646 1859 1706 1953 ab
1741 1880 1903 1952 011110
1933 1862 2035 1986 pari
2066 1862 2200 1984 quasi

691 2018 975 2112 constricto?
995 2022 1058 2112 Et
1072 2019 1300 2132 credisne,
1318 2015 1583 2110 absentiam
1605 2047 1860 2110 nervorum
1879 2015 2201 2110 cardiacorum

690 2174 1036 2301 praecipuorum
1072 2173 1255 2268 nullius
1283 2173 1516 2266 momenti
1552 2172 1711 2288 fuisse,
1749 2193 1796 2266 et
1827 2171 2014 2265 nullam
2049 2195 2203 2267 muta·

692 2329 874 2458 tionem
909 2331 1179 2458 produxisse
1210 2329 1369 2454 quoad
1400 2351 1590 2421 motum
1623 2328 1775 2423 cordis
1804 2345 1851 2421 et
1887 2327 2095 2455 ejusdem
2132 2359 2203 2421 ac·

691 2484 912 2579 tionem?
1160 2489 1166 2500 ’
1293 2495 1296 2502 ’

762 2644 803 2760 1.
822 2623 932 2759 148.
953 2645 1011 2735 ln
1026 2643 1163 2738 corde
1175 2637 1570 2771 aneurysmatico,
1588 2641 1672 2734 ubi
1692 2640 1907 2734 dilatatio
1923 2639 2080 2733 activa
2095 2672 2203 2733 ven·

691 2794 852 2889 triculi
873 2797 1071 2914 sinistri,
1092 2799 1286 2928 passiva
1311 2832 1417 2892 vero
1439 2798 1688 2892 ventriculi
1712 2797 1925 2911 dextri,a
1950 2797 2203 2888 concretio·

692 2952 836 3045 nibus
864 2954 998 3046 osseis
1021 2956 1260 3080 productae
1292 2957 1512 3069 fuerunt,
1540 2957 1592 3047 in
1624 2955 1801 3082 origine
1827 2985 1961 3047 arcus
1986 2975 2125 3045 aortae
2154 2972 2203 3047 et

692 3106 877 3200 annulo
911 3109 1079 3203 calloso
1115 3109 1364 3203 ventriculi
1400 3111 1565 3206 aortici
1600 3111 1912 3222 haerentibus,
1950 3141 2201 3232 squamam

692 3261 927 3356 observavi
948 3298 1142 3378 osseam,
1169 3266 1390 3392 pollicem
1422 3299 1579 3360 unum
1606 3266 1818 3394 longam,
1849 3263 2021 3356 aculeis
2042 3263 2203 3391 praedi-

692 3439 793 3512 tam
813 3419 871 3511 ad
896 3421 1031 3513 basin
1058 3422 1208 3514 cordis
1231 3423 1543 3552 vergentibus,
1564 3422 1681 3517 etin
1706 3422 1836 3515 sulco
1863 3397 2093 3547 positam,
2116 3419 2200 3544 qui

692 3574 1013 3668 ventriculum
1045 3578 1263 3672 deutrum
1290 3579 1351 3672 ab
1377 3577 1590 3672 auricula
1616 3553 1811 3706 separat
1844 3577 1979 3670 Dum
2007 3575 2201 3702 plexum

694 3731 995 3825 coronarium
1015 3735 1298 3827 anteriorem
1318 3735 1620 3852 dissecabam,
1637 3736 1855 3829 distincte
1874 3733 1969 3826 vidi
1991 3731 2200 3857 ejusdem

693 3886 901 3981 ramulos
931 3889 1051 3981 circa
1085 3923 1334 4014 squamam
1363 3893 1501 3986 istam
1537 3894 1722 4007 ductos,
1753 3873 1883 4016 quos
1906 3890 1958 3982 in
1989 3890 2203 3982 motibus

694 4045 845 4137 cordis
871 4045 1155 4140 inordinatis
1179 4046 1239 4139 ab
1272 4081 1397 4143 osseo
1422 4069 1753 4142 concremento
1781 4045 2018 4140 vellicatos
2043 4045 2198 4162 luisse,

694 4198 860 4293 nullus
890 4199 1072 4295 dubito.
1544 4317 1560 4328 .

764 4358 806 4475 S.
838 4362 949 4481 149.
987 4358 1045 4449 ln
1073 4358 1209 4450 corde
1235 4358 1421 4452 feminae
1447 4390 1562 4452 xxxr
1597 4343 1866 4473 annorum,
1890 4389 1915 4449 c
1942 4356 2069 4450 lebre
2098 4354 2201 4450 hec-

693 4507 787 4601 tica
823 4531 929 4637 post
962 4512 1253 4638 pulmonum
1290 4515 1548 4611 infarctum
1583 4515 1826 4629 extinctae,
1867 4542 2067 4605 nervum
2102 4513 2199 4605 vidi

694 4667 963 4761 cardiacum
993 4669 1310 4806 principalem·
1332 4673 1480 4767 dextri
1517 4673 1672 4766 lateris
1702 4695 1848 4799 prope
1875 4669 2012 4762 basin
2049 4669 2200 4761 cordis

693 4825 966 4941 tumidum,
1003 4825 1243 4920 rubellum
1271 4845 1317 4923 et
1341 4830 1657 4960 gangliosum,
1695 4825 2016 4955 duodeviginti
2052 4823 2200 4918 lineas

694 4975 911 5108 longum,
935 4982 1050 5075 duas
1074 5014 1185 5076 cum
1207 4985 1404 5081 dimidia
1425 4988 1573 5081 lineas
1593 4987 1771 5100 latum,
1801 4985 1854 5077 in
1874 4981 2031 5075 medio
2051 5011 2201 5106 punc·

694 5154 802 5226 tum
825 5137 1124 5230 exhibentem
1154 5140 1385 5268 nigricans
1395 5183 1406 5253 ;
1442 5146 1573 5275 seda
1599 5143 1716 5236 veris
1745 5138 1939 5270 gangliis
1971 5137 2022 5228 in
2052 5169 2106 5228 eo
2134 5137 2201 5228 di-

694 5321 899 5408 versum,
917 5293 1045 5416 quod
1066 5292 1168 5388 loco
1185 5297 1375 5393 duritiei
1393 5299 1645 5396 mollitiem
1658 5295 1948 5411 ostendebat,
1966 5314 2031 5410 et,
2051 5291 2196 5420 digito
