5076 6816
1374 696 1472 806 134

739 909 781 1022 y.
813 909 924 996 123.
962 905 1111 1032 Igitur
1142 925 1405 1028 utrumque
1443 927 1642 1033 systema
1686 935 1936 997 nervosum
1972 906 2068 998 suis
2101 909 2182 1000 oh

670 1060 869 1152 noxium
898 1081 966 1153 est
985 1060 1174 1153 morbis.
1209 1061 1354 1154 Modo
1370 1063 1477 1184 'quo
1503 1062 1631 1154 nervi
1652 1060 1902 1153 cerebrales
1925 1082 2070 1185 atque
2092 1065 2182 1190 spi-

670 1213 799 1308 nales
818 1247 844 1305 a
863 1216 1000 1308 variis
1019 1219 1308 1343 premuntur
1323 1215 1585 1332 affectibus,
1602 1219 1766 1309 eodem
1788 1216 2016 1342 'plexuum
2036 1241 2182 1341 atque

669 1369 965 1499 gangliorum
995 1373 1377 1465 abdominalium
1412 1374 1541 1466 nervi
1574 1407 1657 1466 sua
1687 1373 1869 1466 hahent
1893 1373 2181 1498 pathemata.

671 1525 805 1620 Sicut
829 1530 954 1620 varia
972 1529 1337 1622 convulsionum
1355 1561 1546 1658 genera,
1571 1530 1816 1657 epilepsia,
1847 1551 2054 1642 tetanus,
2074 1553 2182 1644 etc,

673 1685 838 1776 nervos
861 1683 1095 1778 lacessunt
1113 1685 1348 1778 voluntati
1377 1686 1627 1812 subjectos,
1649 1686 1793 1778 etiam
1813 1675 1851 1777 si
1881 1683 2015 1777 nulla
2043 1685 2183 1778 ineis

673 1838 1054 1963 deprehendatur
1076 1841 1196 1936 laesio
1224 1843 1457 1969 organica,
1475 1841 1540 1935 sic
1567 1843 1696 1936 navi
1725 1842 1954 1934 viscerum
1979 1841 2184 1934 thoracis

672 2015 720 2086 et
765 1995 1035 2088 abdominis
1075 1998 1356 2091 vellicantur
1391 2000 1566 2123 absque
1608 1999 1706 2092 ulla
1744 1997 2042 2112 mutatione,
2077 2031 2184 2121 quae

671 2151 883 2244 sensibus
908 2152 1127 2244 submitti
1158 2152 1311 2280 potest
1331 2193 1342 2246 :
1364 2153 1489 2246 sicut
1511 2155 1637 2247 actio
1660 2186 1868 2280 perversa
1901 2148 2085 2245 cerebri
2114 2157 2183 2245 c'e

665 2301 853 2434 pbaliei
870 2309 1209 2402 maximarum
1230 2311 1274 2402 vi
1304 2309 1356 2402 in
1376 2305 1620 2403 cerebrum
1641 2310 1842 2402 incurrit
1860 2303 2182 2421 abdominale,

670 2460 735 2552 sic
766 2484 813 2553 et
834 2461 931 2554 vice
957 2497 1081 2556 versa
1103 2465 1194 2556 hoc
1218 2466 1271 2556 in
1296 2464 1417 2559 illud
1446 2467 1590 2595 reagit
1615 2467 1750 2558 ha'ud'
1768 2466 1942 2558 minori
1973 2466 2183 2590 impetu,

672 2622 817 2739 atquc
845 2618 965 2740 illud
1003 2620 1165 2713 obruit
1187 2601 1352 2712 :sicut
1386 2623 1592 2754 denique
1622 2626 1820 2753 systema
1849 2619 2095 2735 cerebrale,
2125 2655 2182 2712 ex

671 2772 827 2865 morbi
845 2772 1068 2865 violentia
1093 2774 1225 2898 quasi
1247 2779 1538 2896 attonitum,
1560 2781 1666 2873 vitae
1687 2780 1869 2871 fontem
1894 2777 2094 2891 claudit,
2114 2777 2182 2870 sic

670 2950 718 3020 et
744 2926 937 3052 plexum
967 2928 1164 3022 solarem
1197 2933 1323 3025 idem
1347 2957 1560 3061 praestare
1595 2936 1732 3029 credo
1754 2936 1889 3029 certis
1915 2935 1965 3025 in
1991 2932 2182 3025 morbis.

670 3083 778 3174 Jam
814 3082 898 3174 diu
933 3086 1149 3201 docetur,
1184 3112 1356 3183 mortes
1389 3087 1658 3187 subitaneus
1696 3091 1869 3219 triplici
1899 3092 1971 3183 via
2013 3121 2183 3216 corpus

669 3233 945 3334 humanum
969 3243 1186 3341 invadere
1207 3286 1218 3340 ε
1239 3281 1324 3374 per
1341 3246 1586 3343 cerebrum
1611 3269 1804 3379 nempe,
1822 3248 1905 3378 per
1920 3251 2016 3360 c'or,
2036 3270 2082 3340 et
2098 3281 2184 3376 per

664 3388 1210 3524 pulmonemQuartam
1237 3403 1426 3532 adjicio,
1454 3403 1647 3532 quaeest
1667 3403 1843 3539 plexus
1860 3402 2057 3516 solaris,
2081 3435 2183 3496 ner-

668 3555 838 3642 vorum
869 3553 1249 3652 abdominalium
1277 3555 1396 3657 fons¹
1417 3569 1562 3688 atque
1598 3585 1844 3678 centrum,
1874 3561 2038 3689 plexus
2070 3561 2181 3683 qui,

669 3705 826 3800 subita
862 3709 1206 3832 commotione,
1238 3721 1556 3836 vellicatione,
1604 3744 1688 3814 aut
1718 3751 2010 3854 quocunque
2037 3717 2181 3808 modo

671 3865 932 3989 correptus,
954 3869 1153 4000 paralysi
1175 3869 1379 3970 afficitur
1401 3873 1589 3993 lethali,
1618 3909 1765 4001 quam
1794 3875 1886 3968 cita
1914 3905 2040 3967 mors
2067 3872 2182 3963 inse

625 4087 629 4093 -
671 4019 850 4143 quitur.
878 4024 1104 4152 Exempla
1122 4054 1337 4154 prostant
1354 4064 1604 4128 numerosa
1624 4035 1682 4126 de
1696 4032 1882 4159 injuriis
1900 4029 2184 4123 extrinsecus

673 4175 928 4301 epigastrio
957 4175 1124 4296 illatis,
1165 4218 1272 4308 quae
1303 4190 1576 4283 mechanica
1609 4191 1655 4283 vi
1690 4221 1854 4283 necem
1884 4187 2180 4312 paraverunt.

637 4385 642 4398 ,
681 4315 744 4420 r.⁰
758 4330 997 4448 ‘Balneum
1016 4331 1326 4460 stillatitium,
1346 4346 1400 4438 in
1412 4341 1731 4441 scrobiculum
1749 4344 1900 4437 cordis
1919 4361 2184 4466 receptum,

581 4529 592 4554 x
675 4517 778 4578 non
798 4488 881 4580 diu
901 4523 1012 4584 sane
1030 4489 1215 4588 tolerari
1234 4491 1401 4626 potest.
1428 4499 1493 4596 22⁰
1508 4505 1700 4601 Necavit
1715 4533 1920 4629 puerum
1943 4497 2108 4626 globus
2126 4528 2181 4586 ex

675 4635 802 4756 nire,
820 4641 966 4768 'quem
988 4648 1039 4740 in
1064 4653 1364 4781 epigastrium
1390 4653 1562 4788 recepit
1582 4663 1644 4754 ab
1671 4660 1763 4753 alio
1788 4659 1936 4785 puero
1960 4654 2182 4764 missum,

677 4797 859 4927 organis
880 4802 1022 4928 plane
1046 4806 1219 4902 illaesis?
1247 4808 1709 4945 3.⁰Ruyschr'us,qui
1730 4801 1814 4942 per
1831 4809 2182 4936 quinquaginta

676 4986 829 5049 annos
851 4991 1031 5054 munus
1053 4967 1223 5058 medici
1250 4971 1443 5066 sorensis
1462 4975 1653 5103 gestavit
1678 4966 2038 5078 Amstclodami,
2061 4996 2184 5056 mor·

725 5203 732 5230 '
757 5201 937 5292 Metager,
966 5203 1099 5294 Syrtem
1112 5207 1191 5308 ‘der
1209 5208 1463 5302 gerichllichen
1490 5204 1896 5309 Arzneytviseenschafl5
1926 5213 1982 5274 3te
2004 5203 2181 5296 Aucgabc.

678 5311 920 5413 Koerrigcberg,
946 5321 1051 5406 1805,
1073 5323 1102 5408 §-
1124 5343 1207 5413 ψ,
1223 5337 1297 5393 not.
1314 5348 1346 5395 α.
1401 5321 1405 5330 ’
