5080 6812
1399 697 1464 820 4⁸

676 907 857 998 ratione
899 897 1077 1002 habita‘
1097 913 1157 1004 ad
1201 911 1421 1041 ganglion
1460 907 1686 1005 cervicale
1732 944 2042 1039 supremum,
2094 949 2183 1010 nec

677 1081 885 1156 torosum
916 1087 1016 1160 erat
1042 1101 1127 1162 nec
1155 1069 1445 1182 rotundum,
1474 1068 1553 1161 sed
1582 1069 1859 1184 obscurum,
1888 1072 2180 1186 marcidum,

676 1217 751 1308 rix
793 1217 969 1314 lineam
1008 1223 1257 1318 dimidiam
1299 1223 1529 1352 longum3
1572 1257 1683 1317 cum
1726 1225 1893 1318 vicinis
1936 1228 2180 1353 partibus,

676 1371 900 1501 glandula
932 1380 1248 1504 suprarenali‚
1282 1380 1422 1493 raab,
1448 1402 1555 1494 etc,
1595 1379 1864 1474 cohaerebat.

752 1527 989 1661 Ganglion
1012 1535 1231 1628 cervicale
1250 1536 1514 1630 secundum
1544 1557 1687 1657 atque
1710 1537 1904 1629 tertium
1927 1536 2057 1630 baud
2084 1539 2183 1630 visi-

678 1684 775 1788 bile
802 1692 913 1780 erat
967 1689 1146 1784 Utrum
1181 1691 1419 1785 defuerint
1452 1689 1504 1780 in
1536 1689 1624 1782 isto
1660 1690 1876 1784 cadavere
1909 1693 1970 1784 ab
2005 1693 2184 1819 origine

680 1860 728 1933 et
765 1837 816 1932 in
856 1875 1014 1936 rerum
1041 1847 1207 1970 primis
1236 1846 1456 1961 exordiis,
1490 1875 1553 1936 an
1587 1877 1694 1938 vero
1730 1847 1950 1939 nondum
1981 1848 2184 1940 formato

681 1995 881 2112 fuerint,
913 2001 1079 2092 nescio.

754 2148 954 2280 Ganglia
988 2155 1246 2274 tharacna,
1280 2182 1446 2286 practer
1480 2159 1718 2285 primum,
1754 2159 1903 2256 nodos
1935 2159 2185 2252 constituc-

680 2301 1000 2436 bantparvos3
1019 2345 1227 2437 quorum
1248 2316 1469 2408 crassities
1490 2316 1667 2409 lineam
1685 2317 1901 2438 aequabat
1921 2315 2184 2408 dimidiam.

751 2467 792 2584 S.
821 2461 902 2558 60.
941 2467 999 2560 In
1022 2470 1279 2600 embryone
1306 2471 1512 2564 semestri
1539 2469 1759 2600 ganglion
1789 2469 2006 2563 cervicale
2030 2502 2186 2602 supre-

682 2647 819 2720 mum
848 2623 1065 2749 quinque
1089 2626 1236 2720 lineas
1264 2649 1364 2754 erat
1392 2625 1617 2755 longum,
1636 2625 1813 2718 lineam
1838 2658 1987 2722 unam
2008 2623 2184 2740 latum,

682 2773 910 2888 tubrum3
952 2777 1196 2876 filamenta
1234 2783 1481 2877 emittebat
1517 2780 1729 2910 gracilia,
1767 2781 1968 2874 minime
2009 2813 2186 2897 crassa,

684 2959 771 3020 nec
787 2931 949 3026 mollia
969 2959 1113 3060 atque
1130 2937 1500 3065 semipeliucida,
1518 2937 1642 3030 sicut
1662 2938 1714 3028 in
1732 2933 1919 3030 adultis.
1944 2934 2186 3065 Ganglion

683 3085 843 3180 aderat
877 3089 1096 3184 cervicale
1126 3095 1344 3208 tertium,
1371 3092 1686 3220 longitudinis
1706 3091 1840 3184 lineae
1865 3093 2035 3206 unius,
2067 3093 2187 3186 duos

684 3239 825 3334 edens
855 3277 1009 3340 ramos
1032 3247 1314 3377 gracillimos
1336 3249 1395 3340 ad
1425 3246 1590 3374 plexus
1610 3247 1809 3341 cardiaci
1840 3246 2188 3340 formationems

684 3391 924 3526 Ganglion
942 3402 1233 3496 thoracicum
1245 3405 1480 3531 primum,
1495 3435 1646 3496 unam
1660 3435 1771 3496 cum
1792 3403 1991 3496 dimidia
2008 3402 2186 3496 lineam

682 3545 865 3670 latum,
902 3557 963 3650 ad
1002 3580 1092 3652 tres
1123 3559 1271 3653 lineas
1299 3559 1523 3688 longum,
1568 3559 1793 3675 rubrum,
1832 3582 2039 3683 quatuor
2075 3591 2189 3686 prae-

682 3703 825 3801 bcbat
848 3711 1060 3810 surculos
1080 3715 1139 3807 ad
1157 3714 1350 3842 plexum
1373 3715 1653 3807 cardiacum.
1678 3716 1897 3809 Truncus
1921 3715 2049 3808 nervi
2069 3717 2189 3842 sym:

682 3861 909 3990 pathetiei
940 3869 991 3960 in
1012 3869 1133 3962 collo
1159 3870 1433 3964 funiculum
1457 3870 1774 3982 constituebat
1800 3868 2022 3985 firmum,
2055 3869 2191 3996 cujus

686 4020 907 4112 crassitiea
936 4026 1127 4116 'tertiam
1158 4025 1293 4119 lineae
1320 4048 1503 4153 partem
1532 4027 1760 4148 aequabat.
1798 4028 1856 4118 ln
1888 4047 2073 4152 pectore
2105 4026 2190 4118 iste

686 4194 885 4268 truncus
903 4210 1076 4272 crassus
1094 4203 1238 4305 atque
1253 4199 1467 4274 succosus
1484 4181 1732 4275 videbatur
1750 4181 2033 4310 pianusque,
2054 4215 2192 4310 prop

686 4347 758 4420 ter
772 4331 1201 4459 gangliathoracica
1214 4334 1505 4465 longiuscula
1523 4323 1786 4430 admodum
1803 4335 1892 4430 sibi
1906 4338 2190 4464 propinqua.

688 4485 745 4588 In
780 4486 1033 4584 intervallis
1063 4491 1259 4586 istorum
1291 4491 1588 4619 gangliorum
1620 4513 1818 4586 truncus
1852 4492 1979 4584 nervi
2009 4524 2192 4620 sympaa

689 4642 850 4738 thetiei
874 4645 944 4735 ad'
961 4629 1044 4776 ψ
1073 4646 1209 4740 lineoe
1234 4669 1389 4775 partes
1416 4670 1514 4744 erat
1544 4681 1728 4742 crassus.
1763 4649 1942 4745 Nervus
1975 4643 2192 4773 splanch-

689 4801 824 4900 nicus
858 4799 1046 4916 firmus,
1068 4805 1302 4926 'quamvis
1337 4803 1544 4932 gracilis,
1582 4804 1733 4896 tribus
1767 4805 2001 4932 gaudebat
2029 4801 2192 4894 radici-

687 4959 804 5066 bus;
850 4957 902 5049 in
943 4957 1162 5087 ganglion
1203 4958 1444 5051 desinebat
1480 4957 1767 5053 semilunare
1805 4954 2190 5086 longiusculum,

686 5113 802 5206 rasis
826 5135 1083 5226 accretum,
1110 5113 1359 5207 dimidiam
1390 5114 1523 5208 lineae
1548 5135 1730 5242 partem
1762 5145 1979 5210 crassum.
2013 5113 2194 5228 Nervus

687 5267 869 5364 renatis·
887 5269 1045 5362 aderat
1072 5269 1192 5364 bene
1223 5261 1483 5374 distinctus.
