5076 6816
1062 706 1158 801 ¹¹9

428 895 485 986 ln
507 891 683 984 morbis
708 887 1108 1004 inflammatoriis‚
1128 923 1155 982 a
1178 889 1373 983 diathesi
1393 888 1667 1020 phlogistica
1689 893 1858 1007 enatis,

355 1049 525 1175 plenus
547 1068 615 1139 cst
641 1045 804 1172 pulsus
833 1027 879 1137 et
911 1046 1080 1154 durus;
1110 1067 1301 1174 turgent
1327 1079 1476 1157 venae;
1510 1045 1629 1143 calet
1656 1050 1861 1174 corporis

354 1202 558 1295 habitus.
577 1185 799 1294 Credisne
814 1200 1077 1326 humorum
1095 1232 1293 1294 massam
1317 1203 1577 1296 revera-esse
1589 1224 1799 1317 auctam,
1812 1223 1861 1294 et

355 1358 595 1486 sanguinis
615 1358 799 1483 copiam
823 1357 874 1447 in
896 1357 1105 1483 perbrevi
1128 1357 1350 1483 temporis
1372 1359 1522 1485 spatio
1537 1359 1696 1452 subito
1717 1360 1861 1450 inere-

355 1514 501 1606 vissel
540 1515 884 1636 Nequaquam:
906 1512 1210 1640 sedsanguis,
1241 1512 1318 1604 cui
1346 1512 1540 1605 nullum
1569 1513 1863 1607 additamen-

357 1692 464 1763 tum
498 1669 706 1784 accessit,
740 1668 1128 1795 supplementum
1159 1667 1353 1761 nullum
1388 1704 1415 1762 a
1444 1669 1722 1762 nutritionis
1757 1669 1860 1760 foco

356 1820 672 1951 proficiscens,
697 1824 945 1940 dilatatur,
968 1825 1273 1951 expanditur,
1303 1825 1529 1952 majorem
1560 1814 1765 1949 acquirit
1792 1856 1862 1915 ca-

223 2037 239 2068 ,
355 1980 608 2106 pacitatem
628 2013 714 2107 pro
726 1981 963 2108 principio
979 2013 1170 2074 nervoso
1188 1981 1332 2108 ipsius
1348 1979 1548 2110 globulis
1564 1979 1838 2107 interposito
1845 2016 1860 2087 3

240 2171 243 2178 ²
358 2155 517 2227 motus
547 2136 599 2227 in
628 2169 682 2228 eo
711 2138 977 2229 excitantur
1008 2137 1220 2229 intestini
1252 2158 1299 2229 et
1331 2137 1596 2246 vividiores3
1631 2135 1772 2262 ignis,
1804 2123 1862 2226 ut

358 2289 423 2380 ita
449 2290 626 2405 dicam,
645 2290 811 2404 latens,
833 2293 941 2384 istos
962 2312 1217 2406 sustentat,
1242 2324 1362 2415 quos
1380 2323 1648 2416 comparare
1668 2322 1867 2418 possum,

358 2443 415 2535 iis
431 2445 515 2567 qui
538 2445 590 2536 in
609 2478 732 2570 aqua
754 2453 1043 2539 enascuntur
1055 2447 1294 2539 bullienti.
1318 2446 1562 2539 Omnibus
1581 2445 1862 2574 physiologis

359 2620 532 2692 notum
556 2621 645 2715 est,
663 2602 942 2730 sanguinem
966 2603 1019 2693 in
1035 2602 1213 2694 morbis
1233 2587 1614 2694 inflammatoriis
1633 2576 1864 2694 vitalitate

358 2754 526 2881 majori
565 2789 656 2850 esse
687 2758 969 2884 praeditum,
1013 2779 1060 2850 et
1092 2758 1153 2849 ad
1179 2759 1411 2885 parandas
1450 2788 1592 2850 novas
1626 2751 1864 2886 organicas

358 2932 510 3037 partes
526 2944 617 3005 esse
633 2913 864 3040 aptiorem
890 2913 965 3030 (id
988 2914 1118 3036 quod
1139 2912 1379 3006 declarant
1396 2911 1864 3039 pseudomembranae
1976 2931 1981 2938 ’

359 3089 539 3192 aparte
561 3064 730 3161 fibrdsa
758 3071 999 3198 sanguinis
1024 3070 1256 3184 formatae,
1282 3092 1330 3163 et
1354 3069 1478 3161 intra
1504 3069 1669 3196 viginti
1690 3097 1861 3161 novem

358 3219 585 3314 horarum
621 3223 828 3349 spatium
860 3255 979 3316 nova
1014 3223 1197 3316 vascula
1224 3224 1484 3352 sanguinea¹
1509 3221 1863 3339 monstrantes).

361 3375 497 3469 Curl
525 3377 637 3500 quia
657 3379 759 3471 sine
786 3378 934 3471 dubio
965 3379 1222 3472 admistum
1254 3400 1320 3470 est
1348 3378 1434 3503 ipsi
1460 3378 1753 3504 principium
1781 3407 1863 3467 no-

325 3591 330 3604 ·
360 3531 666 3649 bilissimum,
683 3568 708 3625 a
725 3535 875 3627 nervis
894 3534 1209 3648 elaboratum,
1226 3533 1341 3624 binc
1358 3567 1384 3625 e
1399 3565 1589 3625 summo
1608 3533 1712 3625 vitae
1731 3533 1863 3625 fonte

316 3670 319 3685 ⁵
360 3687 533 3780 directe
558 3721 796 3782 emanans.
823 3689 996 3785 Nullus
1014 3689 1207 3802 dubito,
1226 3687 1349 3812 quin
1371 3689 1523 3802 nervi,
1543 3690 1602 3780 ad
1622 3687 1864 3780 sublimio·

361 3875 461 3935 rem
480 3844 726 3936 actionum
741 3846 939 3973 gradum
953 3847 1114 3959 evecti,
1128 3843 1354 3969 majorem
1370 3873 1463 3970 gaz
1479 3843 1665 3934 nervosi
1676 3843 1861 3969 copiam

360 3997 576 4091 evolvant
585 4037 597 4108 ;
622 4001 743 4124 quin
764 4002 824 4096 ab
846 4033 899 4092 eo
928 3999 1163 4126 principio
1188 3999 1321 4123 quasi
1341 4000 1438 4090 sint
1454 3998 1652 4126 gravidi,
1674 3999 1861 4123 atquin

304 4132 307 4141 ⁵
361 4154 555 4246 tandem
589 4157 714 4250 istud
750 4157 802 4250 in
831 4181 1004 4284 partes,
1035 4156 1212 4281 quibus
1243 4155 1564 4282 prospiciunt,
1598 4153 1861 4249 effundant.

361 4309 469 4402 Haec
504 4312 737 4440 sententia
771 4313 1004 4440 optimam
1046 4344 1152 4404 meo
1175 4310 1381 4404 arbitrio
1413 4310 1567 4403 reddit
1603 4312 1865 4425 rationem5

360 4496 507 4588 quare
536 4499 789 4561 nervorum
826 4469 1100 4598 propagines
1128 4467 1404 4559 constanter.¹
1435 4467 1623 4560 arterias
1658 4468 1862 4583 adeunt,

360 4651 435 4711 eas
459 4621 723 4750 stringunt,
752 4623 1128 4751 amplectuntur,
1156 4644 1204 4716 ct
1230 4653 1606 4747 quaquaversum
1636 4623 1864 4717 comitan-

341 4795 452 4869 tur.
485 4777 777 4902 Neutiquam
803 4781 852 4873 id
880 4782 939 4872 ad
960 4812 1072 4873 eum
1090 4811 1286 4908 scopum
1311 4778 1491 4869 factum
1515 4799 1603 4894 est,
1627 4801 1685 4872 ut
1707 4781 1863 4876 adeas
1985 4867 1988 4870 .

359 4933 688 5027 transmittant
719 4935 978 5029 voluntatis
1001 4936 1307 5046 mandatum,
1333 4931 1405 5025 vel
1433 4953 1490 5025 ut
1516 4935 1575 5026 ad
1599 4935 1862 5028 sensorium

360 5087 613 5183 traducant
647 5093 968 5218 impressiones
993 5093 1045 5182 in
1072 5089 1159 5183 reti
1186 5118 1403 5181 vasorum
1430 5087 1726 5216 capillarium
1759 5123 1865 5199 ena-

359 5262 453 5350 tas3
480 5244 559 5338 sed
587 5267 643 5340 ut
671 5249 874 5342 serviant
900 5248 959 5339 ad
985 5244 1353 5372 impertiendum
1375 5265 1567 5357 tonum,
1594 5245 1692 5338 vim
1718 5225 1872 5370 atque
