5080 6812
1424 662 1489 774 ³4

706 945 735 990 .·
779 909 894 991 mes,
922 878 1008 1002 qui
1045 877 1365 972 environnent
1394 873 1571 972 l’artere
1601 870 1807 968 carotide
1841 873 1961 968 dans
1985 873 2030 969 le
2063 879 2220 975 meme

706 1107 727 1148 .
777 1059 986 1164 passage,
1034 1055 1081 1130 et
1124 1066 1185 1127 en
1220 1047 1594 1162 accompagnent
1632 1025 1698 1124 les
1735 1025 2012 1127 courburcs'
2036 1032 2215 1160 jusqu’a

707 1263 727 1306 .
779 1193 967 1288 l'entree
997 1193 1116 1286 dans
1143 1189 1186 1282 le
1218 1195 1381 1300 crane,
1416 1193 1549 1279 etc’
2158 1201 2164 1210 ·

785 1345 990 1443 Girardi
1001 1347 1012 1382 ¹
1053 1345 1276 1469 equidem
1308 1341 1491 1458 asserit,
1527 1372 1728 1436 nervum
1764 1341 2137 1461 intercostalem,
2164 1346 2216 1440 in

707 1507 861 1602 canali
892 1505 1093 1599 carotico
1128 1521 1440 1614 contentum,
1484 1497 1536 1589 in
1570 1497 1729 1625 plures
1765 1499 2055 1594 ramusculos
2094 1497 2216 1594 findi
2350 1523 2357 1530 “

708 1661 972 1758 admodum
999 1657 1186 1772 molles,
1225 1655 1330 1780 qui,
1364 1653 1583 1748 arteriam
1616 1655 1871 1749 carotidcm
1904 1656 2216 1780 insequendo,

707 1820 861 1914 cidem
894 1815 1144 1910 adhaerent.
1182 1807 1296 1905 D'uo
1327 1807 1399 1902 vel
1427 1831 1519 1903 tros
1541 1808 1765 1904 'surculos
1793 1807 2000 1940 agnoseit
2018 1811 2088 1907 'ad
2117 1845 2219 1908 ncr-

711 2007 824 2070 vum
852 1972 1197 2084 abducentem3
1236 1988 1284 2060 et
1313 1963 1428 2060 alios
1453 1967 1516 2058 ad
1546 1965 1778 2090 quintum
1803 1980 1901 2094 par.

778 2127 997 2224 Similem
1031 2123 1391 2251 descriptionem
1424 2122 1656 2252 evulgavit
1681 2121 1954 2216 Fontona.²'
2000 2121 2217 2252 Triplicis

709 2299 880 2414 nempe
915 2284 1099 2379 'ordinis
1143 2270 1433 2377 ramusculos
1473 2281 1687 2373 admittit
1730 2283 1781 2374 in
1818 2282 1971 2377 canali
2014 2283 2216 2376 caroti'co

710 2443 986 2538 distributos
1020 2462 1069 2534 et
1101 2439 1162 2532 ad
1195 2453 1393 2532 nervum
1435 2438 1549 2530 sexti
1584 2439 1709 2563 paris
1742 2438 2051 2533 cerebralium
2079 2425 2217 2567 pe'rii-

567 2605 569 2610 ’
708 2624 875 2696 nentes
902 2638 914 2692 ε
945 2597 1025 2690 alii
1052 2596 1292 2689 enimvero
1317 2591 1407 2686 suh
1435 2593 1583 2720 s'pecie
1615 2593 1902 2689 membranae
1932 2596 2088 2689 mollis
2116 2629 2217 2692 ner-

680 2818 686 2830 ·
707 2789 829 2852 rum
840 2753 1119 2883 praedictum
1140 2753 1340 2878 cingunt
1353 2788 1365 2858 ;
1393 2749 1494 2866 alii,
1519 2752 1766 2844 abeodem
1793 2754 1991 2878 separati
2011 2776 2058 2846 et
2084 2749 2216 2880 juxta

707 2911 818 3008 cum
854 2909 1018 3037 positi,
1057 2906 1295 2999 arteriam¹
1313 2905 1570 2997 carotidem
1607 2906 1810 3016 adeunt3
1849 2907 1930 2998 alii
1963 2907 2033 3001 illi
2069 2907 2217 3004 adhae-

709 3087 829 3162 rent
862 3061 1098 3160 ‘Surculos
1127 3061 1334 3184 denique
1363 3059 1486 3168 vidit,
1512 3059 1571 3151 ad
1603 3092 1801 3162 nervum
1833 3060 2215 3188 ophthalmicum

707 3221 902 3318 Willisii
943 3242 991 3314 et
1034 3216 1327 3311 maxillarum
1359 3193 1671 3343 superiorem,
1714 3217 1775 3309 ad
1813 3219 2009 3318 tunicas,
2040 3220 2217 3314 arteriae

709 3377 951 3491 carotidis,
985 3375 1045 3467 ad
1079 3372 1356 3502 glandulam
1394 3371 1715 3498 pituitariam,
1747 3375 1808 3466 ad
1843 3375 2074 3493 orbitam,
2101 3377 2215 3472 sexti

709 3564 962 3628 nervorum
980 3528 1106 3658 paris
1136 3529 1351 3637 comites;
1379 3549 1426 3620 ct
1452 3527 1671 3652 quinque
1699 3528 1907 3623 ramulos
1931 3565 2043 3626 cum
2074 3565 2217 3628 nervo

706 3688 913 3785 Vidiano
946 3661 1320 3782 anastomoticos.

778 3851 818 3968 §.
841 3853 926 3974 47.
962 3844 1079 3942 Meae
1109 3843 1430 3956 dissectiones‚
1464 3838 1605 3969 longo
1639 3838 1816 3934 abhinc
1847 3863 2058 3971 tempore
2087 3845 2217 3940 insti·

708 4021 823 4098 t'utae
860 4022 1006 4126 atquc
1044 4001 1315 4121 frequenter
1353 3997 1584 4122 repetitae,
1628 3998 1925 4092 ramulorum
1962 4002 2148 4131 copiam
2175 3995 2215 4095 'a

708 4159 862 4258 citatis
890 4157 1161 4258 auctoribus
1202 4153 1482 4281 descriptam
1518 4161 1623 4249 'non
1656 4154 2031 4252 confirmarunt.¹
2071 4158 2217 4289 Saepo

709 4347 910 4416 numero
940 4314 1136 4442 quidem
1164 4299 1408 4413 filame'nra
1441 4311 1726 4438 deprehendi
1753 4313 1988 4442 pellucida
2020 4349 2073 4408 ac
2100 4316 2216 4445 gela·

707 4472 879 4576 tinosae'
903 4469 1100 4590 indoli&
1133 4465 1345 4568 surculos
1380 4468 1509 4564 nervi
1552 4453 1881 4598 sympaihetici
1917 4477 2032 4564 ‘oum
2072 4503 2214 4566 nervo

708 4627 1066 4734 oculomotcrio
1093 4625 1291 4760 aliisque
1310 4624 1475 4748 uersis
1494 4627 1754 4738 nectentia;
1783 4628 1886 4744 sed,
1908 4599 2214 4760 microscopio

754 4949 764 4980 ¹
787 4937 1294 5038 Dcsgenettar,1³rdciad'une
1314 4899 1540 5012 dissertation
1560 4946 1604 5010 de
1620 4945 1674 5012 M.
1695 4939 1863 5022 Gir-ordi,
1886 4953 1922 5010 et
1936 4946 1996 5010 der
2011 4947 2215 5012 rechercher

705 5061 749 5128 de
768 5061 821 5130 M.
834 5063 1004 5134 Fortuna
1016 5081 1081 5126 rur
1096 5053 1263 5149 l'origine
1276 5057 1324 5124 du
1341 5055 1433 5149 nerf
1445 5057 1671 5138 intercertalr
1684 5061 1852 5132 Journal
1866 5061 1909 5132 de
1921 5057 2109 5140 tridecim,
2125 5057 2215 5130 cair.

706 5183 744 5241 ct
758 5175 919 5261 piram,
937 5196 1011 5260 par·
1029 5173 1185 5246 Bucher,
1206 5180 1290 5238 tons
1311 5177 1375 5260 93,
1387 5194 1426 5259 p·
1445 5177 1501 5242 6³·

750 5291 764 5320 '
785 5284 896 5364 ibid„
920 5309 955 5372 p·
974 5289 1102 5370 56-69.
1148 5332 1154 5346 .
