5080 6812
1075 732 1131 824 7¹

345 916 422 1009 nil
441 938 590 1010 essent
614 917 704 1009 nisi
720 915 882 1043 plexus
903 914 1200 1031 condensati,
1221 934 1268 1008 et
1285 914 1448 1041 plexus
1472 919 1543 1016 nil
1564 920 1653 1012 uisi
1670 919 1852 1047 ganglia

351 1071 582 1185 resoluta,
623 1071 719 1163 haec
762 1073 960 1164 istorum
996 1067 1155 1164 locum
1192 1091 1388 1184 tenere,
1407 1095 1549 1195 atque
1586 1105 1765 1166 munus
1807 1097 1854 1167 et

261 1327 264 1336 ,
350 1227 617 1320 functiones
656 1260 809 1354 gerere
843 1246 1042 1353 possent.
1109 1225 1224 1339 Sed,
1275 1227 1312 1320 si
1350 1258 1520 1354 ponas,
1558 1229 1603 1320 vi
1644 1229 1852 1351 quadarn

347 1382 719 1509 praeternaturali
755 1382 917 1475 omnia
962 1381 1166 1508 corporis
1199 1381 1415 1510 ganglia,
1459 1384 1689 1510 praecipue
1725 1385 1854 1510 prin·

349 1537 516 1664 cipalia
553 1539 604 1631 in
639 1538 788 1653 collo,
821 1542 956 1632 dorso
993 1561 1040 1630 et
1074 1539 1330 1632 abdomine
1368 1540 1482 1654 sita,
1516 1539 1674 1632 subito
1707 1561 1852 1634 trans

350 1693 542 1786 formari
575 1697 793 1822 possein
829 1695 1022 1823 plexus3
1069 1726 1189 1788 num
1231 1728 1286 1788 ex
1321 1696 1404 1788 ista
1439 1680 1853 1789 transformatione

349 1851 662 1956 oeconomiam
700 1852 958 1945 animalem
1006 1850 1193 1944 nullam
1242 1852 1479 1945 arbitraris
1533 1851 1851 1945 mutationem

348 2034 589 2128 passuram
621 2013 747 2100 essel

416 2165 458 2278 §.
482 2160 561 2287 89.
582 2162 846 2277 Quaesitum
865 2164 978 2276 suit,
999 2185 1164 2256 utrum
1183 2164 1234 2254 in
1249 2161 1462 2288 plexibus
1476 2194 1579 2253 vera
1599 2162 1720 2254 adsit
1742 2195 1851 2254 ana-

345 2317 559 2426 stomosis
584 2291 882 2412 ramulorum
906 2321 965 2412 ad
1002 2321 1410 2426 instarvasorum3
1439 2350 1502 2410 an
1524 2351 1629 2410 vero
1655 2317 1851 2445 simplex

348 2465 704 2567 filamentorum
741 2476 1024 2567 coadunatio
1063 2476 1239 2598 absque
1274 2473 1491 2566 medullae
1529 2504 1703 2567 nervcae
1737 2475 1851 2566 mix-

348 2644 490 2716 tione.

279 2827 285 2832 ·
419 2779 546 2872 Cum
567 2782 652 2876 ista
672 2815 741 2874 res
764 2784 816 2875 in
834 2783 965 2875 ansis
985 2783 1186 2876 nervosis
1210 2804 1335 2874 extra
1361 2781 1673 2874 dubitationis
1697 2781 1848 2875 aleam

345 2936 461 3058 poni
494 2959 660 3059 queat,
692 2939 828 3030 credo
859 2971 963 3032 eam
992 2940 1043 3030 in
1073 2931 1302 3065 plexuum
1334 2937 1716 3029 intricationibus
1747 2940 1848 3064 pari

347 3089 488 3182 modo
524 3124 786 3208 occurrere,
836 3125 966 3217 quae,
1009 3126 1114 3187 meo
1149 3094 1345 3217 quidem
1382 3092 1583 3219 judicio,
1628 3091 1698 3183 nil
1736 3116 1850 3186 sunt

347 3244 436 3335 nisi
482 3246 668 3339 ansulae.
730 3249 856 3341 Hinc
904 3249 1126 3372 inquisivi
1173 3249 1224 3341 in
1269 3279 1432 3340 ansam
1483 3249 1606 3340 inter
1650 3279 1847 3342 nervum

229 3441 236 3450 ·
343 3431 512 3527 vagum
548 3404 765 3494 dextrum
803 3426 947 3527 atque
984 3403 1175 3530 plcxum
1208 3403 1430 3518 solarem,
1462 3435 1487 3494 a
1520 3401 1598 3497 W
1588 3397 1844 3532 risbergio¹

323 3555 543 3678 fasciam
564 3558 981 3664 communicantem
1007 3552 1356 3650 memorabilem
1377 3556 1680 3683 appellatam,
1701 3581 1844 3683 atque

343 3741 425 3834 per
465 3712 780 3837 experimenta
823 3745 927 3805 mea
978 3713 1145 3805 certior
1182 3713 1331 3805 sactus
1365 3745 1472 3804 sum
1509 3713 1567 3804 de
1612 3714 1843 3806 continuo

342 3867 545 3958 transitu
596 3869 740 3961 unius
783 3869 913 3960 nervi
956 3869 1007 3960 iu
1045 3868 1281 3961 alterum·
1310 3868 1515 3961 Maxima
1560 3869 1689 3961 enim
1735 3901 1842 3995 pars

342 4017 696 4115 filamentorum
726 4024 854 4114 nervi
883 4022 1005 4151 vagi,
1038 4055 1139 4117 non
1168 4024 1434 4150 interrupto
1455 4023 1665 4137 tramite,
1693 4057 1842 4148 usque
1964 4045 1968 4054 “

340 4177 401 4268 ad
435 4176 654 4305 ganglion
691 4177 975 4273 semilunare
1006 4180 1334 4306 percurrebat,
1377 4200 1424 4272 et
1459 4181 1556 4270 vice
1590 4211 1714 4272 versa
1750 4180 1841 4272 hoc

336 4331 558 4459 ganglion
606 4333 816 4426 surculos
859 4335 1105 4429 emittebat
1148 4367 1259 4428 cum
1307 4335 1361 4427 iis
1407 4335 1535 4427 nervi
1579 4335 1678 4462 vagi
1726 4336 1840 4429 adeo

340 4487 640 4581 continuatos
660 4558 681 4603 ,.
726 4509 782 4580 ut
830 4490 1113 4614 neutiquam
1165 4490 1372 4583 indicare
1419 4490 1644 4615 potuisses
1692 4487 1838 4583 finem

337 4639 536 4757 borum,
581 4642 652 4736 vel
688 4645 885 4738 istorum
933 4645 1142 4738 initium.
1199 4643 1391 4738 Tabulae
1427 4665 1561 4736 sextae
1592 4642 1739 4772 figura
1778 4680 1841 4738 se

339 4797 521 4911 cunda,
545 4798 710 4920 inqua
734 4798 823 4890 sub
848 4800 968 4892 vitro
996 4823 1194 4929 augente
1215 4799 1520 4891 anastomosis
1543 4799 1630 4906 ista
1655 4793 1838 4926 depicta

334 4972 426 5068 est,
463 4953 642 5079 optime
674 4987 773 5047 rem
809 4955 1039 5066 declarat;
1079 4977 1155 5072 et,
1191 4957 1229 5049 si
1266 4986 1464 5048 nervum
1495 4952 1836 5051 stomachicum

383 5293 392 5320 ¹
419 5293 603 5355 comment.
628 5294 808 5384 Goetting.‚
837 5300 906 5362 vol.
925 5301 1003 5386 XV,
1023 5322 1059 5385 p·
1084 5323 1133 5366 ιι.
