5076 6816
1373 721 1468 785 102
1566 667 1568 674 >

664 911 721 1006 F.
741 911 874 1004 Petit
899 910 997 1037 jam
1027 908 1314 1029 observata),
1346 909 1490 1003 totius
1517 909 1734 1041 corporis
1765 911 1961 1024 macies,
1993 913 2174 1008 oedema

664 1066 866 1194 pedum,
901 1089 1045 1189 atque
1072 1066 1354 1159 exanthema
1390 1069 1648 1160 cotaneum
1686 1067 1982 1192 universale.¹

645 1261 646 1266 Ν
677 1283 682 1292 ·
738 1225 797 1315 In
814 1255 979 1353 genere
1001 1222 1131 1316 enim
1151 1222 1209 1315 de
1233 1223 1460 1317 omnibus
1480 1224 1634 1317 notari
1652 1246 1807 1351 potest
1829 1225 2004 1340 nervis,
2025 1224 2181 1351 cujus
2269 1247 2275 1254 '

665 1378 734 1471 vis
767 1377 865 1472 sint
899 1376 1099 1494 indolis,
1132 1378 1242 1472 sire·
1261 1378 1323 1471 ad
1364 1381 1667 1508 vegetativam
1703 1379 1850 1472 vitam
1880 1382 2175 1507 pertineant,

628 1571 632 1576 ·
666 1534 741 1628 sin
768 1537 954 1650 minus,
970 1567 1058 1628 veos
1082 1536 1272 1629 arterias
1298 1536 1413 1630 adeo
1433 1537 1669 1651 comitari,
1692 1559 1748 1631 ut
1775 1536 1945 1629 ultima
1970 1536 2175 1629 stamina

669 1723 859 1786 nervosa
887 1691 953 1786 ¹ad
989 1712 1084 1798 rete
1129 1692 1347 1818 capillare
1380 1693 1690 1820 perveniant,
1734 1714 1877 1816 atque
1910 1694 2008 1786 vim
2039 1721 2176 1784 suam

671 1880 888 1941 nerveam
912 1842 964 1940 in
985 1848 1111 1941 istud
1127 1849 1259 1971 quasi
1271 1845 1547 1942 effundant.
1564 1849 1788 1965 Desinere
1806 1849 2002 1972 quidem
2021 1848 2179 1940 viden-

560 2083 563 2088 ,
667 2024 751 2096 tur
777 2002 1227 2096 ramulinervorum
1251 2005 1303 2096 in
1334 1981 1571 2131 majorum
1595 2005 1873 2120 arteriarum
1900 2004 2177 2132 parietibus3

668 2159 748 2253 sod
777 2158 869 2252 tela
905 2159 1129 2253 cellulosa·
1156 2192 1323 2256 nervea
1359 2162 1423 2283 (5.
1453 2155 1544 2277 55,
1585 2157 1656 2254 n.⁰
1685 2162 1745 2281 a)
1786 2161 1971 2290 longius
2000 2191 2180 2288 progre-

671 2316 827 2432 ditur,
853 2339 900 2411 et
920 2318 1023 2410 sinc
1048 2317 1197 2413 dubio
1222 2351 1336 2414 cum
1360 2319 1728 2451 perenchyrnate
1752 2319 1989 2413 vasculoso
2008 2317 2181 2414 intime

670 2503 763 2565 sose
795 2496 1080 2568 commiscet,

745 2628 943 2756 Opponi
963 2630 1158 2754 quidem
1178 2655 1377 2761 possunt
1392 2632 1506 2727 huic
1526 2633 1787 2747 sententiae,
1805 2664 1900 2755 qua
1926 2661 2179 2724 nervorum

674 2785 931 2911 imperium
961 2786 1012 2878 in
1042 2820 1150 2881 vasa-
1181 2789 1419 2916 capillaria
1452 2793 1703 2906 statuitur,
1738 2809 2039 2918 argumenta,
2076 2817 2183 2909 quae

673 2941 908 3069 probant,
960 2943 1239 3040 nutritionis
1286 2951 1530 3078 negotium
1570 2971 1616 3043 et
1661 2947 2037 3076 reproductivam
2082 2943 2181 3036 vim

675 3100 934 3191 maximam
972 3131 1073 3192 esse·
1100 3101 1152 3193 in
1197 3103 1253 3196 iis
1283 3107 1578 3201 'animalibus
1616 3103 1844 3232 (exempli
1876 3101 2049 3231 gratia,
2080 3131 2183 3193 zoo-

674 3255 883 3384 phytis),
918 3287 1025 3380 quae
1060 3260 1212 3352 nervis
1247 3284 1333 3354 aut
1364 3263 1506 3390 plane
1537 3284 1720 3378 carent,
1754 3282 1840 3354 aut
1869 3259 2085 3374 minimis
2112 3257 2187 3349 in-

674 3433 851 3506 structa
871 3435 1009 3528 sunt,
1036 3415 1213 3536 quibus
1230 3419 1532 3515 adnumerari
1550 3421 1725 3515 debent
1744 3415 2014 3548 vegetabilia
2032 3414 2184 3508 nervis

676 3569 957 3662 omnimodo
990 3571 1226 3670 destituta.

716 3749 719 3756 '
749 3725 843 3820 Sed
867 3727 1011 3820 nimis
1039 3731 1253 3849 incaute,
1283 3766 1389 3827 meo
1417 3735 1612 3858 quidem
1637 3734 1838 3862 judicio,
1869 3732 1929 3825 ad
1955 3727 2181 3823 animalia

678 3883 927 4010 superioris
970 3887 1151 3980 ordinis
1193 3892 1515 3986 traducuntur
1552 3892 1888 4020 phaenomena,
1926 3919 2031 4011 quae
2072 3887 2184 3980 inse-

680 4041 861 4133 riorum
895 4042 1179 4178 animalium
1208 4050 1419 4174 praebent
1444 4048 1614 4144 classes.
1646 4049 1696 4143 Si
1726 4049 1777 4141 in
1801 4047 1927 4140 hisce
1950 4071 2186 4172 processus

683 4195 1068 4292 rhemieovitales
1094 4201 1367 4330 simpliciori
1399 4208 1543 4301 modo
1569 4213 1880 4336 peraguntur3
1905 4203 1965 4316 si,
1993 4197 2184 4293 videndi

681 4352 849 4480 gratia,
876 4351 1140 4449 humorum
1165 4359 1408 4496 circulatio
1429 4363 1606 4488 absque
1624 4364 1768 4457 corde
1789 4357 2053 4489 perficitur,
2071 4353 2189 4447 aeris

683 4509 1018 4636 decompositio
1045 4514 1220 4639 absque
1245 4520 1478 4646 pulmone
1503 4555 1585 4616 seu
1610 4519 1826 4634 tracheis,
1856 4513 2111 4612 locomotio
2140 4531 2188 4603 et

685 4665 963 4789 quicunque
1008 4691 1189 4788 motus,
1231 4676 1325 4769 sire
1362 4678 1643 4793 voluntarii,
1680 4678 1774 4771 sive
1810 4707 1894 4802 per
1933 4668 2187 4766 stimulum

686 4844 933 4916 externum
952 4828 1159 4945 excitati,
1178 4833 1354 4957 absque
1373 4833 1503 4929 fibris
1518 4835 1881 4946 muscularibus,
1899 4852 2006 4924 etc:
2021 4825 2191 4919 exinde

688 5011 788 5073 non
828 4983 1073 5104 sequitur,
1118 4991 1342 5085 animalia
1380 4994 1654 5121 perfectiora
1695 4992 1792 5084 istis
1834 4985 2017 5116 organis
2059 5013 2191 5114 posse

736 5337 745 5364 '
769 5333 936 5403 Journal
957 5338 1000 5403 de
1021 5337 1213 5423 medecine,
1238 5369 1311 5432 par
1334 5349 1499 5425 Leroux5
1524 5357 1606 5416 tom·
1629 5353 1691 5432 37,
1719 5348 1825 5430 1816,
1845 5364 1885 5427 p·
1902 5339 2078 5420 340·³50·
