5076 6816
1435 688 1531 808 tas

721 908 890 1038 gratia,
910 939 938 999 a
955 935 1137 999 veneno
1158 903 1209 996 in
1222 903 1549 997 ventriculum
1575 904 1752 1032 ingesto
1771 904 2015 1031 producti,
2035 907 2231 1003 nullum

724 1065 777 1165 in
805 1063 1000 1182 cavitate
1027 1061 1175 1156 cranii
1196 1081 1466 1155 monstrant
1490 1060 1662 1153 vitium
1687 1061 1974 1189 organicum.
2006 1063 2109 1156 Hoc
2130 1066 2235 1188 qut

724 1219 833 1314 dem
857 1217 1047 1347 largior,
1070 1214 1244 1310 cerebri
1272 1215 1450 1312 morbis
1475 1214 1771 1342 idiopathieis
1791 1216 1893 1341 pari
1913 1217 2057 1310 modo
2075 1219 2231 1346 parari

723 1373 980 1488 medelam,
1013 1375 1134 1478 dum
1162 1372 1214 1464 in
1244 1370 1457 1478 canalem
1484 1369 1665 1499 agimus
1693 1371 2034 1490 intestinalem,
2067 1397 2115 1480 et
2139 1407 2234 1480 ms-

724 1533 931 1627 thodum
957 1528 1238 1623 adhibemus
1262 1560 1416 1620 versus
1437 1524 1673 1620 abdomen
1698 1526 1987 1620 revulsivam.
2021 1529 2113 1622 Sed
2134 1529 2233 1624 haec

707 1721 796 1818 ¹res
811 1689 931 1815 ipsa,
948 1707 1092 1810 atque
1112 1685 1245 1778 istius
1261 1682 1473 1780 methodi
1491 1715 1741 1798 successus,
1761 1715 1941 1784 novum
1960 1685 2232 1813 suppeditat

725 1863 1061 1973 argumentum
1088 1840 1456 1934 demonstrando
1483 1838 1624 1932 nexui
1654 1838 1828 1938 intimo
1861 1839 1985 1935 inter
2010 1862 2154 1970 eaput
2184 1859 2233 1940 et

722 2021 924 2130 systema
954 2027 1202 2091 nervosum
1231 1993 1545 2092 abdominale.

796 2161 836 2276 ς.
862 2161 974 2252 130.
1000 2145 1314 2284 Agrypniam
1334 2149 1687 2247 consensualem
1711 2147 1955 2244 affectibus
1976 2183 2229 2248 nervorum

723 2284 1104 2416 abdomi'naliu'm
1128 2306 1431 2413 adnumerari
1463 2304 1628 2412 nutius
1649 2307 1912 2422 sustam,
1934 2308 2021 2432 qut
2041 2339 2230 2402 mecum

723 2465 999 2596 perpendet,
1018 2483 1254 2586 quotnam
1274 2483 1390 2556 sunt
1411 2463 1706 2556 irritamenta
1725 2495 1850 2587 quae,
1875 2496 1930 2556 ex
1954 2463 2052 2556 imo
2066 2485 2229 2557 ventre

722 2617 1083 2749 proficiscentis,
1106 2619 1343 2715 actionem
1371 2649 1614 2712 nervosam
1642 2639 1839 2747 augent,
1866 2619 2107 2747 sanguinis
2132 2649 2232 2712 mo-

723 2763 832 2882 tum
860 2807 1015 2880 versus
1043 2795 1189 2900 caput
1223 2773 1457 2890 incitant,
1495 2794 1543 2868 et
1582 2775 1739 2868 somni
1774 2776 2029 2904 'precipuas
2070 2807 2229 2868 causas

724 2932 1009 3060 impediunt
1035 2930 1165 3036 Hinc
1185 2929 1421 3045 videmus,
1449 2961 1548 3046 eos,
1575 2931 1725 3054 quise
1748 2931 1800 3034 in
1824 2963 1956 3026 coena
1980 2932 2230 3060 ingurgita-

722 3107 917 3202 verunt,
945 3107 1003 3180 ut
1027 3085 1294 3214 plurimum
1318 3105 1425 3211 post
1446 3085 1590 3213 primi
1614 3086 1771 3182 somni
1793 3086 1933 3182 horas
1950 3088 2162 3217 evigilare
2180 3108 2229 3184 et

720 3245 798 3349 vix
815 3274 1042 3346 somnum
1063 3242 1237 3340 iterum
1255 3272 1419 3368 capere
1431 3273 1574 3369 posse.
1597 3241 1855 3370 Saepissime
1872 3265 2061 3372 aegrotos
2078 3245 2227 3337 acutis

603 3455 608 3460 ·
723 3397 936 3504 febribus
970 3397 1268 3514 laborantes,
1320 3395 1430 3502 lieet
1472 3397 1615 3496 nullae
1657 3400 1943 3495 sensationes
1982 3400 2226 3527 pervalidae

723 3588 879 3681 neque
909 3555 1116 3688 graviora
1143 3574 1459 3684 symptomata
1492 3555 1765 3683 incipientis
1790 3556 1946 3650 morbi
1985 3556 2227 3650 cerebralis

720 3711 1037 3840 suspicionem
1050 3710 1288 3838 injiciant,
1307 3710 1465 3839 plures
1480 3713 2063 3816 tamen'noctesinsomnes
2080 3735 2227 3809 trans·

722 3869 860 3998 igere,
871 3866 963 3984 vel,
983 3869 1067 3962 ubi
1083 3899 1280 3972 somnus
1298 3869 1556 3983 accesserit,
1579 3870 1903 3996 interruptum
1918 3869 1989 3962 vel
2005 3868 2227 3996 phantas-

720 4023 932 4126 matibus
957 4023 1163 4160 horridis
1186 4023 1520 4152 perturbatum
1545 4057 1657 4118 eum
1682 4057 1799 4141 esse,
1829 4025 1963 4149 queri
1991 4025 2226 4119 audimus.

722 4179 906 4296 Quodsi
926 4177 1150 4284 solvimus
1169 4178 1350 4294 alvum,
1369 4211 1477 4304 quae
1492 4201 1631 4284 antea
1648 4181 1805 4277 stricta
1817 4203 1946 4292 -erat;
1968 4181 2005 4274 si
2028 4181 2226 4275 mobiles

721 4336 963 4442 reddimus
987 4357 1034 4442 et
1061 4368 1341 4438 evacuamus
1369 4336 1593 4434 humores
1619 4337 1857 4467 inprimis
1881 4339 1967 4432 viis
1997 4359 2225 4456 retentos,

718 4523 805 4618 per
822 4523 1007 4596 moram
1026 4513 1286 4620 corruptos,
1313 4513 1361 4590 et
1383 4525 1546 4589 nervos
1570 4492 1861 4614 vellicantes,
1888 4493 2014 4616 velsi
2034 4516 2225 4590 motum

719 4645 909 4752 vitalem
932 4645 1214 4776 languidum
1240 4670 1287 4742 et
1307 4649 1400 4748 lere
1424 4649 1919 4777 suppressum-canalis
1942 4649 2226 4746 intestinalis

719 4803 976 4908 ,excitamus
1007 4804 1341 4910 medicamenti
1369 4806 1614 4934 purgantis
1640 4839 1768 4934 ope:
1806 4827 1925 4902 tunc
1954 4807 2118 4907 eadem
2148 4807 2226 4906 die

570 4939 576 4954 ’
717 4955 1022 5084 placidiorem
1049 4991 1277 5057 somnum
1303 4961 1454 5054 redire
1482 4963 1706 5056 videmus.

789 5119 830 5234 ς.
861 5121 973 5206 ι3ι.
997 5112 1327 5242 Saepenumero
1348 5117 1595 5212 insomniae
1614 5118 1825 5243 aliquam
1848 5118 2049 5246 speciem
2075 5117 2224 5211 obser·

718 5267 837 5382 vavi,
851 5300 956 5360 meo
967 5269 1164 5396 judicio,
1180 5269 1240 5362 ab
1259 5271 1440 5375 irritato
1456 5295 1704 5404 systemate
1720 5306 1910 5380 nervoso
1929 5249 2242 5376 abdominati'
