5080 6812
1409 626 1478 724 26

689 851 827 952 solari
851 847 938 942 ad
947 875 1188 978 pancreas
1217 842 1486 969 subjectum
1524 844 1830 937 descendunt
1878 847 1970 963 Ea,
2004 855 2110 973 quar
2137 853 2200 945 ad

690 1029 834 1136 caput
862 1003 1126 1133 pancreatis
1155 1002 1422 1130 pertinent,
1455 1034 1481 1092 e
1509 998 1694 1129 ganglio
1725 1000 2002 1096 semilunari
2037 1006 2199 1100 dextro

691 1163 887 1258 derivari
925 1182 1153 1288 possunt;
1198 1189 1305 1281 quae
1338 1189 1445 1252 vero
1489 1157 1549 1252 ad
1585 1190 1754 1284 corpus
1794 1157 1928 1252 istius
1966 1160 2202 1290 glandulas

690 1320 921 1433 tendunt,
948 1314 1178 1446 eganglio
1205 1314 1394 1406 sinistro
1416 1314 1773 1443 producuntur,
1796 1314 2037 1410 mediante
2059 1316 2200 1444 plexu

690 1474 864 1586 lienali.
964 1551 967 1558 ,

689 1709 698 1728 „
761 1637 803 1752 §.
825 1621 905 1725 35.
947 1627 1166 1725 Nascitur
1189 1657 1322 1720 nunc
1350 1625 1513 1754 plexus
1543 1621 1767 1720 omnium
1798 1627 2003 1721 maxime
2030 1649 2202 1756 specta.

689 1787 822 1903 bilis,
854 1785 1211 1909 qui‚.arteriam
1242 1784 1595 1877 m'esenterieam
1624 1785 1913 1912 superiorem
1939 1785 2198 1902 involvens,

692 1974 988 2056 numerosos,
1022 1941 1106 2064 qui
1142 1973 1197 2032 er
1229 1939 1308 2032 illa
1338 1961 1535 2054 exeunt,
1564 1973 1718 2033 ramos
1744 1942 2021 2058 comitatur,
2042 1965 2096 2034 et
2131 1944 2202 2033 in-
2350 1983 2360 1996 ·

691 2100 864 2194 testino
898 2095 1085 2225 gracili,
1122 2129 1175 2188 ac
1208 2128 1296 2223 pro
1329 2116 1461 2227 parte
1493 2097 1718 2188 intestino
1749 2131 1920 2213 crasso,
1949 2099 2200 2226 prospicit3

691 2277 1021 2382 nuncupatur,
1057 2287 1084 2345 a
1111 2253 1208 2346 situ
1239 2274 1384 2376 atque
1419 2252 1637 2370 decursu,
1663 2248 1842 2383 plexus
1873 2255 2201 2348 mesentericus

688 2412 920 2544 superior.

691 2651 696 2671 .
762 2571 802 2667 Ε
830 2567 1003 2695 triplici
1026 2585 1187 2659 autem
1209 2566 1340 2659 fonte
1363 2586 1566 2658 manant
1589 2565 1741 2683 nervi,
1767 2566 1983 2689 quicum
2006 2566 2199 2693 plexum

689 2723 968 2844 efformants
996 2715 1054 2814 1.⁰
1073 2757 1098 2814 e
1118 2720 1301 2850 ganglio
1325 2721 1601 2814 semilunari
1625 2723 1806 2838 dextro,
1830 2725 1958 2847 quod
1982 2725 2200 2848 quinque

690 2880 932 2978 fasciculos
962 2911 1151 2976 nerveos
1178 2880 1239 2971 ad
1268 2901 1497 2971 truncum
1524 2877 1704 2972 arteriae
1733 2879 2041 2986 mesentericae
2070 2913 2202 3007 supe·

690 3039 825 3136 rioris
860 3037 1065 3166 ablegata
1111 3029 1175 3128 αἶ’
1206 3069 1232 3128 e
1264 3035 1450 3164 ganglio
1484 3034 1759 3128 semilunari
1795 3035 2008 3162 sinistro,
2047 3069 2199 3161 equo

689 3216 868 3323 septem
900 3195 961 3285 ad
997 3193 1260 3288 minimum
1293 3190 1500 3294 fasciculi
1539 3192 1874 3320 egrediuntur,
1918 3185 1981 3282 3?
2011 3225 2037 3283 e
2068 3226 2200 3286 ramo

690 3385 717 3446 a
739 3348 955 3443 funiculo
979 3348 1265 3442 stomachico
1292 3349 1453 3441 dextro
1484 3348 1609 3475 (pari
1631 3380 1743 3475 vago
1766 3346 1952 3465 dextro)
1977 3347 2199 3478 ablegato.

689 3507 781 3608 Hic
800 3515 975 3621 ramus,
995 3513 1140 3629 quem
1166 3537 1309 3598 nemo
1329 3503 1486 3596 adhuc
1510 3511 1616 3598 meo
1635 3505 1756 3598 scitu
1776 3503 2031 3632 descripsit,
2050 3537 2200 3628 quam

689 3663 1031 3762 evidentimime
1051 3684 1267 3790 apparet,
1291 3663 1433 3776 dum,
1457 3659 1722 3762 ventriculo
1744 3681 1942 3775 exsecto,
1971 3683 2199 3756 truncum

690 3821 821 3916 nervi
858 3819 959 3949 vagi
998 3821 1170 3936 dextri,
1217 3851 1361 3943 quem
1405 3820 1641 3915 intactum
1686 3817 1941 3941 reliquisti,
1979 3815 2200 3912 ulteriore

690 3976 911 4106 indagine
929 3977 1242 4104 prosequeris:
1260 3996 1379 4069 tunc
1396 3974 1643 4068 fasciculus
1659 3974 1831 4098 aliquis
1847 3975 1907 4068 ab
1928 3975 2014 4067 isto
2027 3995 2199 4068 trunco

690 4152 816 4225 recta
846 4132 1065 4232 deorsum
1103 4129 1281 4246 tendit,
1310 4153 1387 4248 et,
1418 4164 1530 4223 cum
1564 4131 1707 4223 ramis
1740 4131 2003 4257 pancreatis
2037 4131 2200 4224 minus

690 4286 942 4402 cohaerens,
968 4288 1029 4380 ad
1051 4288 1240 4386 arterias
1264 4287 1366 4390 abit
1389 4287 1603 4387 intestini
1631 4289 1788 4382 tenuis
1811 4321 1867 4380 ac
1891 4288 1951 4381 ad
1978 4288 2204 4402 arteriam,

689 4444 888 4538 colicam
920 4444 1139 4544 mediam.

760 4599 929 4696 Plexus
955 4601 1286 4696 mesentericus
1311 4601 1524 4730 superior
1548 4603 1644 4730 ipse
1667 4597 1943 4734 fasciculum
1971 4598 2122 4694 mittit
2145 4597 2197 4694 in

688 4755 832 4850 latere
861 4758 1049 4852 sinistro
1079 4758 1313 4855 columnae
1340 4758 1608 4856 vertebralis
1632 4759 2016 4872 descendentem,
2042 4757 2102 4848 ad
2130 4789 2199 4847 ar-

689 4913 857 5011 teriam
896 4916 1249 5013 mesenterioam
1286 4916 1559 5010 inferiorem
1594 4938 1810 5032 cuntem,
1845 4936 1988 5038 atque
2016 4934 2199 5008 anasto-

690 5071 898 5163 mosibus
935 5070 1159 5197 junctum
1198 5106 1310 5165 cum
1345 5076 1485 5164 ramis
1521 5107 1546 5164 e
1583 5072 1723 5198 plexu
1761 5071 1908 5166 renali
1946 5093 2090 5194 atque
2129 5069 2198 5160 in.

689 5224 942 5322 tereostalis
989 5249 1159 5323 trunco
1200 5228 1363 5327 enatis.
1436 5229 1685 5360 Congeries
1727 5230 1949 5328 omnium
1996 5229 2195 5321 istorum
