5076 6816
904 811 911 822 ι
979 810 986 822 ,.
1079 695 1173 784 113

311 945 320 959 ·
369 910 588 1040 prosequi
615 939 902 1036 possumus,
919 917 967 1002 e't
995 906 1214 1035 scalpello
1245 925 1293 998 et
1319 902 1493 1019 oculis,
1509 903 1572 995 in
1589 905 1872 1031 par··vagi111i
1916 967 1924 976 -

370 1070 615 1190 dextrum,
655 1064 727 1157 vel
754 1064 812 1159 ad
840 1065 1083 1164 cerebrum
1122 1093 1283 1184 usque.
1322 1061 1479 1152 Ramo
1494 1057 1592 1151 isto
1621 1058 1872 1185 praescisse,
1919 1085 1926 1170 J

370 1221 732 1335 commercium,
767 1219 824 1312 de
858 1190 955 1343 quo
983 1218 1152 1346 agitur,
1183 1247 1283 1307 non
1314 1213 1456 1339 plane
1488 1211 1732 1330 sublatum
1764 1214 1872 1324 erit;
1923 1259 1930 1272 ·

369 1379 448 1500 sed
468 1375 663 1470 'lentius'
686 1376 812 1492 ‚forte
828 1463 832 1474 ,
851 1397 897 1466 et
935 1373 1065 1465 haud
1103 1370 1372 1463 immediate
1401 1367 1621 1495 procedet
1651 1369 1711 1460 ad
1745 1400 1874 1460 enee
1921 1429 1930 1446 ·

370 1532 550 1661 phalon
584 1565 667 1658 per
700 1562 899 1624 nervum
927 1527 1315 1655 splanchnicum,
1350 1523 1531 1653 ganglia
1555 1521 1795 1617 ‘thoracica
1826 1547 1874 1620 et

286 1751 289 1758 -
365 1689 631 1781 medullam
672 1685 916 1814 spinalem.

440 1843 669 1968 §equitur
700 1875 756 1957 er
784 1840 1036 1969 praedictis,
1068 1837 1369 1932 harmoniam
1403 1836 1601 1929 existere.
1620 1837 1744 1930 inter
1771 1865 1898 1931 cen-¹

371 2019 503 2116 trum
542 2029 791 2094 nervosum
832 1994 1128 2121 cephalicum
1165 2014 1213 2085 et
1248 2012 1466 2099 centrum
1510 1993 1875 2088 nervosumwal'r
1931 2039 1938 2049 ·

371 2151 636 2276 dominale,
676 2151 830 2274 quod,
869 2148 1010 2242 latius
1043 2147 1249 2269 quidem
1273 2144 1538 2262 diffusum,
1561 2170 1722 2240 tamen
1760 2181 1874 2272 quo·

371 2307 628 2400 dammodo
667 2307 718 2398 in
754 2305 946 2432 plcxum
991 2301 1187 2401 solarem
1228 2302 1473 2430 convergit.
1536 2302 1627 2396 Sed
1663 2301 1872 2395 amicum
1934 2329 1937 2338 ’

372 2463 670 2586 consortium
689 2491 1015 2587 saepenumero
1050 2459 1114 2550 ita
1149 2457 1408 2572 turbatur,
1432 2479 1487 2550 ut
1521 2461 1873 2586 antagonismus

370 2619 625 2730 exoriatur,
653 2618 704 2707 in
729 2637 857 2708 statu
882 2646 1018 2728 sano,
1042 2646 1095 2720 ac
1124 2611 1450 2738 multomagis
1476 2613 1526 2703 in
1554 2615 1772 2707 morboso
1790 2616 1872 2707 ‘de-
1958 2663 1960 2668 v

368 2773 743 2904 prehendendus.
757 2841 761 2846 -
777 2773 872 2867 Nec
894 2768 974 2891 hic
996 2767 1207 2870 subsistit
1225 2767 1292 2858 vis
1310 2789 1453 2890 atque
1478 2770 1660 2897 energia
1681 2791 1873 2864 naturae·
1930 2819 1940 2832 ·

369 2929 475 3054 Pari
498 2927 694 3048 ratione
721 2959 775 3019 ae
807 2947 1026 3018 centrum
1060 2955 1310 3034 nervosum
1349 2921 1643 3050 cephalieum
1674 2922 1876 3054 singula·
1937 2959 1940 2968 ¹

368 3117 469 3210 rem
501 3084 562 3187 in
585 3085 785 3196 modum
813 3082 1029 3196 excitari,
1068 3104 1212 3205 atque
1247 3082 1616 3175 admirandum
1650 3083 1873 3208 potentiae
1937 3129 1940 3135 ·
2045 3067 2048 3074 ⁴

367 3241 566 3366 gradum
590 3237 718 3330 evehi
737 3259 917 3365 potest:
938 3237 1003 3329 sic
1021 3235 1224 3340 alterum
1246 3235 1874 3364 centrumgangliosoabdo-

368 3393 546 3512 minale
584 3427 639 3485 ex
672 3394 908 3502 ordinaria
939 3425 1024 3485 sua
1057 3391 1261 3520 sphaera,
1297 3424 1410 3514 quae.
1438 3391 1557 3482 cirea
1594 3392 1871 3488 nutritionis

369 3548 612 3674 negotium
653 3570 885 3662 versatur,
912 3547 1200 3674 egreditur„
1222 3548 1460 3672 erumpit,
1500 3567 1644 3670 atque
1683 3547 1871 3662 insolita

368 3703 678 3829 phaenomena
705 3703 992 3827 quibusdam
1023 3703 1075 3794 in
1107 3700 1284 3806 morbis
1311 3701 1552 3834 producit,
1585 3734 1793 3826 quorum
1816 3705 1869 3800 in

368 3858 583 3983 sequenti
616 3859 826 3951 sectione·
854 3858 1014 3981 aliqua
1050 3854 1133 3968 fiet
1162 3857 1369 3962 mentio..
1435 3926 1437 3929 -

441 4015 665 4137 Attamen
684 4012 872 4134 silentio
891 4012 1121 4140 praeterire
1145 4044 1328 4137 nequeo
1346 4013 1668 4140 phaenomena.
1681 4016 1760 4109 illa
1778 4017 1871 4111 sin-

368 4169 566 4298 gularia,
590 4200 694 4292 quae
713 4169 998 4298 nuperrimis
1019 4169 1311 4295 temporibus
1329 4171 1625 4298 magnetismi
1642 4173 1872 4268 animalis

370 4359 464 4453 ope
485 4323 770 4438 eliciuntur,
799 4345 947 4448 ⁴atque
971 4323 1295 4454 physiologicis
1328 4326 1655 4451 experimentis
1689 4315 1869 4422 novum
1944 4318 1951 4334 ⁴

371 4471 855 4614 campumapeiiunt,
881 4478 1311 4610 Qualecunquesit
1335 4471 1569 4607 judicium
1599 4468 1728 4606 quod
1746 4485 1869 4608 aequi
1900 4589 1904 4598 ,

371 4651 529 4731 rerum
553 4633 742 4761 jndices¹
759 4636 816 4726 de
843 4634 1114 4762 magneticis
1143 4635 1635 4754 administrationibus
1663 4663 1782 4733 sunt·
1808 4637 1871 4731 la-

307 4791 312 4800 ’
366 4793 506 4922 turi,
523 4791 570 4882 id
595 4811 829 4912 tanquam
859 4813 1040 4898 certum
1070 4783 1263 4896 admitti*
1285 4812 1459 4918 potest,
1489 4793 1869 4914 quod‘centrum

231 4969 233 4974 ’
366 4921 620 5070 herrosum
654 4945 957 5038 abdominale
975 4947 1022 5039 ri
1039 4947 1137 5039 ista
1167 4946 1423 5075 magnetica
1452 4946 1503 5038 in
1534 4978 1705 5042 novam
1729 4954 1870 5045 actio·

371 5102 447 5198 nis
467 5100 693 5230 sphaeram
722 5099 955 5226 rapiatur;
976 5102 1104 5228 quod
1125 5103 1276 5194 modo
1289 5103 1450 5199 nobis
1461 5102 1603 5229 plane
1629 5105 1870 5235 incognito

371 5258 502 5377 istius
532 5255 735 5385 dignitas
768 5257 828 5350 ad
867 5289 1114 5354 summum
1148 5256 1372 5362 evehatur
1403 5257 1620 5380 culmen,
1662 5263 1777 5358 adeo
1813 5290 1869 5361 ut

1481 5408 1540 5508 15
