5076 6816
1074 709 1172 810 155

368 936 517 1066 reperi
541 936 686 1044 istum
709 953 869 1026 casu'm
895 933 947 1027 in
977 931 1120 1061 plexu
1142 932 1301 1048 solari,
1323 965 1378 1026 eo
1410 931 1512 1026 loco
1541 931 1624 1026 ubi
1653 930 1734 1026 hic
1747 934 1879 1061 glan

369 1091 492 1184 dulae
522 1089 814 1216 suprarenali
844 1113 911 1182 est
949 1089 1205 1217 proximus.
1251 1089 1416 1182 Detcxi
1454 1089 1598 1182 etiam
1634 1087 1878 1217 lapillum,

369 1247 541 1340 nucleo
564 1267 828 1339 cerasorum
849 1248 1008 1370 quoad
1027 1245 1252 1340 volumen
1271 1245 1496 1361 similem,
1514 1246 1566 1339 in
1583 1265 1756 1339 trunco
1777 1246 1879 1372 ipso

370 1402 499 1496 nervi
534 1402 633 1530 vagi
668 1400 946 1518 haerentem,
979 1424 1026 1496 et
1060 1401 1270 1529 ejusdem
1300 1402 1505 1496 stamina
1541 1435 1568 1494 a
1601 1401 1878 1498 seinvicem

368 1559 741 1696 disjungentem,
761 1557 910 1653 illaesis
929 1560 1124 1683 quidem
1150 1557 1395 1686 pulmonis
1412 1581 1460 1652 et
1473 1557 1724 1652 ventriculi
1745 1559 1880 1652 lunc·

234 1701 239 1710 ¹
369 1715 595 1808 tionibus.

439 1875 482 1992 5.
508 1870 620 1988 146.
659 1870 778 1988 Quae
798 1872 851 1964 in
876 1870 1027 1963 nervis
1049 1869 1270 1963 cardiacis
1300 1868 1546 1982 adnotavi,
1572 1899 1624 1961 ea
1647 1867 1899 1998 praecipue¹
1982 1971 1984 1974 ,

368 2027 429 2119 ad
459 2040 740 2156 aneury'sma
777 2026 954 2120 arteriae
981 2048 1120 2119 aortae
1153 2026 1432 2150 pertinent:
1466 2027 1518 2117 in
1541 2025 1720 2118 morbis
1748 2024 1879 2117 enim

370 2183 521 2274 cordis
549 2201 802 2275 nervorum
827 2181 945 2274 rami
984 2214 1012 2272 a
1045 2179 1320 2273 conditione
1347 2180 1553 2274 naturali
1585 2213 1688 2273 raro
1719 2178 1881 2274 deflec-

369 2356 496 2429 tunt.

441 2463 745 2618 Deprehendi
783 2490 835 2582 in
866 2523 978 2582 arcu
1010 2509 1149 2584 aortae
1174 2489 1320 2582 nimis
1356 2488 1552 2584 dilatato
1578 2489 1796 2585 nervulos
1827 2491 1880 2584 in

367 2645 508 2740 sulcis
536 2646 670 2769 quasi
704 2667 908 2770 receptos
942 2645 1203 2739 incrassatis
1232 2645 1410 2740 tunicis
1444 2669 1582 2740 aortae
1613 2646 1879 2773 insculptis,

369 2803 488 2896 dum
522 2802 574 2892 in
603 2822 730 2894 statu
757 2800 998 2894 ordinario
1027 2802 1145 2916 istis,
1180 2823 1413 2922 tanquam
1445 2801 1639 2895 fasciolae
1671 2799 1882 2918 rubellae,

370 2956 648 3086 agglutinati
677 2977 870 3049 tantum
893 2989 985 3050 esse
1009 2957 1196 3051 debent.
1226 2955 1505 3050 Admodum
1535 2956 1738 3087 elongati
1759 2956 1881 3051 mihi

369 3114 514 3206 etiam
551 3111 861 3226 videbantur,
894 3133 941 3205 et
964 3113 1110 3241 magis
1140 3112 1273 3206 rubri
1306 3113 1358 3204 in
1383 3114 1593 3236 quodam
1631 3146 1765 3227 casu,
1796 3113 1881 3208 ubi

372 3269 596 3361 immanis
615 3266 830 3359 adfuerat
849 3268 984 3361 dolor
1004 3267 1053 3360 in
1071 3289 1257 3394 pectore
1274 3268 1454 3382 furens,
1470 3301 1615 3390 quem
1638 3267 1763 3361 nulli
1782 3267 1884 3363 aliae
1967 3341 1971 3346 -

372 3457 538 3538 causae,
580 3424 672 3516 nisi
703 3423 995 3517 distractioni
1037 3447 1085 3528 et
1113 3423 1257 3518 statui
1290 3455 1455 3515 eorum
1489 3423 1881 3540 inflammatorio,

371 3581 631 3674 adscribere
663 3581 839 3707 potui:
868 3581 938 3673 nil
974 3581 1106 3673 enim
1134 3578 1517 3708 praeternaturale
1544 3581 1703 3673 aderat
1734 3581 1786 3674 in
1817 3614 1885 3675 re·

372 3735 515 3859 liquis
538 3736 741 3864 organis,
768 3767 854 3828 nec
881 3737 933 3829 in
956 3738 1107 3830 nervis
1128 3737 1180 3828 in
1193 3736 1395 3828 ¹cavitate
1412 3733 1615 3830 thoracis
1635 3736 1883 3835 contentis,

443 3896 483 4013 §.
503 3899 613 4018 147.
649 3892 899 4014 Feminam
919 3893 1127 3986 caelibem
1152 3893 1385 4020 sexaginta
1408 3913 1615 4015 quatuor
1640 3923 1882 3987 annorum
1939 4001 1950 4026 ⁹

370 4078 456 4174 per
475 4069 547 4140 sat
570 4047 766 4177 longum
797 4070 986 4175 tempus
1014 4049 1231 4163 tractavi,
1261 4047 1482 4174 plurimis
1503 4049 1732 4141 morbosis
1753 4047 1883 4141 affec-

374 4203 501 4296 tibus
520 4203 787 4296 obnoxiam.
819 4204 954 4299 Olim
972 4205 1232 4333 chiragram
1250 4237 1401 4331 passa,
1420 4237 1475 4295 ex
1495 4236 1590 4327 qua
1618 4203 1884 4297 deformita-

374 4380 471 4451 tem
490 4359 735 4482 quandam
755 4361 1014 4457 retinuerat
1030 4363 1204 4457 ossium
1228 4361 1506 4487 metacarpi,
1533 4360 1731 4474 iterum,
1751 4391 1882 4453 anno

382 4514 541 4641 1819,
569 4516 631 4609 ab
665 4517 928 4635 arthritidis
961 4519 1219 4616 insultibus
1249 4520 1402 4610 fuerat
1438 4538 1674 4642 correpta,
1707 4517 1884 4640 quibus

374 4670 571 4766 miliaris
601 4674 881 4768 exanthema
916 4678 1123 4792 accessit,
1158 4697 1317 4769 totum
1355 4672 1604 4768 brachium
1636 4672 1883 4766 sinistrum

375 4861 622 4955 occupans
655 4829 768 4925 Mox
790 4856 1106 4962 symptomata
1136 4850 1461 4958 apparuerunt
1490 4828 1883 4957 hydrothoracem

373 4981 675 5100 simulantia,
693 4987 870 5110 quibus
888 5024 996 5083 vero
1021 5011 1184 5118 parata
1213 4987 1307 5079 fuit
1324 4984 1505 5077 medela
1534 5019 1618 5111 per
1643 5016 1771 5077 venae
1795 5016 1884 5075 sec·

374 5138 578 5256 tionem,
607 5140 659 5234 in
690 5176 881 5239 summo
908 5146 1013 5242 vitae
1038 5143 1247 5274 periculo
1272 5139 1625 5236 esuffocatione
1654 5140 1880 5254 oriundo,

377 5291 664 5392 institutam.
716 5303 876 5399 Rediit
901 5325 1020 5400 tunc
1042 5301 1239 5422 sanitas,
1264 5298 1534 5428 imperfecta
1561 5298 1779 5423 quidem,
1804 5297 1884 5393 sed
