5080 6812
404 917 603 1025 possunt
635 891 943 986 inssnrculos.
992 889 1270 1026 ⁴Periculum
1303 889 1389 986 feci
1421 890 1471 987 in
1503 921 1641 992 ramo¹
1670 886 1909 1017 hepatim‚

405 1085 550 1177 quem
589 1051 641 1144 in
687 1048 879 1176 plexum
921 1047 1070 1176 redegi
1106 1047 1271 1142 eedem
1310 1046 1477 1161 modo,
1509 1077 1606 1168 quo
1638 1078 1725 1174 pro
1759 1047 1910 1151 nervis

401 1206 714 1302 cerebralibus
746 1203 974 1297 utimur.¹
1649 1175 1654 1184 Ι
1867 1299 1870 1306 ,
1899 1303 1903 1310 ,

475 1362 812 1488 Exceptionem
859 1381 1021 1452 tamen
1072 1359 1135 1452 ah
1185 1358 1274 1452 hac
1322 1356 1477 1484 regula
1520 1357 1703 1456 iaciunt
1747 1353 1910 1482 plexus

405 1517 695 1610 mesenterici
725 1515 1027 1642 propagines,
1058 1545 1204 1639 prope
1232 1512 1453 1606 intestina
1486 1512 1795 1614 consideratae.
1834 1511 1910 1620 Se·

403 1671 490 1800 legi
519 1671 761 1766 ramulum
786 1705 840 1764 ex
869 1667 1405 1793 insante'quinquenni,
1432 1700 1576 1791 quem
1599 1666 1735 1770 nullo
1766 1667 1908 1759 modo

406 1829 457 1922 in
483 1828 687 1922 stamina
725 1811 1025 1922 elementaria
1069 1825 1288 1918 resolvere
1324 1825 1483 1951 potui,
1522 1826 1656 1926 etin
1692 1855 1789 1946 quo
1819 1823 1909 1934 sub

327 2069 328 2074 a
405 1984 525 2076 vitro
556 1984 751 2110 sexagies
778 2005 829 2077 et·
859 2003 1029 2106 quater
1061 1981 1444 2108 magnitudinem
1481 2000 1678 2108 augente
1707 1979 1908 2090 unicum

403 2160 597 2230 tantum
613 2185 620 2198 ’-
636 2135 775 2234 filum
811 2137 1124 2263 deprehendi,
1170 2169 1271 2230 non
1313 2169 1367 2228 ex
1405 2119 1672 2236 mineribus
1711 2134 1915 2227 surculis

403 2294 740 2418 compositum,
763 2293 842 2388 sed
869 2291 1106 2386 taeniolam
1138 2290 1485 2406 efformantem,
1514 2291 1565 2382 in
1589 2289 1723 2414 cujus
1751 2289 1907 2387 medio

403 2447 539 2542 albus
568 2469 710 2570 atque
737 2447 1009 2544 medullaris
1040 2468 1216 2542 tractus
1246 2447 1512 2561 videbatur,
1535 2480 1562 2546 a
1585 2465 1907 2570 transparente

403 2602 680 2698 membrana
716 2603 936 2698 inclusus.
990 2605 1049 2696 ln
1079 2604 1286 2698 transitu
1319 2603 1408 2696 hac
1435 2603 1673 2696 occasione
1703 2599 1906 2715 notabo,

402 2791 506 2850 mea
544 2761 755 2885 autopsia
790 2760 1161 2859 observationem
1189 2757 1490 2873 confirmari,
1546 2757 1677 2881 quod
1713 2787 1813 2848 non
1853 2789 1907 2847 ex

401 2912 500 3005 solo
523 2913 830 3010 neurilemate
862 2936 1079 3010 constent
1112 2915 1272 3014 ultimi
1308 2899 1561 3016 nervorum
1592 2910 1793 3026 surculi,
1826 2911 1906 3012 sed

401 3102 557 3162 veram
591 3071 870 3166 contineant
903 3070 1176 3164 medullam.
1209 3133 1211 3136 -

471 3229 512 3345 d.
553 3224 631 3352 78.
697 3225 958 3320 Ordiamur
1001 3223 1307 3354 gangliorum
1346 3226 1612 3322 historiam.
1632 3223 1692 3316 ab
1740 3256 1904 3340 eorum

401 3376 678 3504 involucris,·
716 3381 827 3473 dein
858 3384 932 3473 ad
953 3382 1223 3475 interiorem
1251 3383 1475 3477 fabricam
1507 3403 1811 3490 transeamus.

472 3535 662 3662 Duplex
705 3536 1049 3630 nanciscuntur
1088 3536 1297 3666 ganglia,
1341 3558 1388 3631 et
1427 3537 1565 3637 nervi
1579 3537 1639 3627 ad
1678 3568 1729 3650 ea
1766 3536 1905 3662 perti·

402 3713 589 3806 nentes,
627 3690 940 3785 iniolucrum.
1491 3783 1493 3790 .

470 3847 699 3940 Primum.
725 3882 750 3941 e
781 3847 871 3944 tela
907 3848 1124 3944 cellulosa
1155 3849 1320 3948 subtili
1359 3817 1437 3948 sed
1467 3846 1630 3951 laxiori
1669 3846 1902 3962 consistit,

401 4035 504 4126 quae
543 4002 762 4130 ganglion
800 4003 964 4096 vicinis
1003 4007 1217 4131 partibus
1262 4007 1443 4120 nectit,
1468 4037 1598 4104 ,vasa
1647 4002 1900 4130 sanguinea

398 4159 569 4285 ganglii
594 4159 802 4284 disponit
827 4183 970 4284 atque
990 4162 1201 4270 ordinat;
1226 4161 1476 4260 vinterdum
1501 4160 1753 4254 humorem
1773 4156 1903 4268 vehit

398 4314 734 4442 gelatinosum,
765 4312 966 4426 ssavum;
1004 4319 1248 4413 interdum
1277 4351 1401 4416 vero,
1418 4317 1553 4442 adipe
1580 4316 1745 4409 referta
1770 4336 1849 4408 cst.

471 4466 735 4562 Secundum
778 4471 999 4594 equidem
1044 4474 1320 4570 cellulesnm
1358 4472 1658 4574 membranae
1701 4471 1899 4596 speciem

399 4626 706 4750 praesefert,
738 4627 1218 4758 substantiaeganglii
1253 4629 1398 4756 magis
1422 4627 1647 4742 adhaeret,
1692 4627 1902 4736 tenuissi-

400 4813 538 4872 mum
576 4803 674 4895 est,
712 4803 855 4904 atque
897 4783 948 4875 in
982 4785 1175 4913 gangliis
1212 4785 1408 4882 suceoais
1440 4783 1642 4884 humore
1686 4781 1900 4876 exhalato

446 5058 455 5085 ¹
478 5055 618 5140 Tabula
634 5055 755 5138 quinta
779 5057 927 5122 ostendit
948 5061 1042 5123 hunc
1060 5080 1218 5124 ramum:
1239 5059 1351 5146 figura
1378 5057 1490 5142 prima
1515 5058 1553 5121 in
1576 5066 1664 5122 statu
1689 5060 1838 5122 naturali
1865 5066 1899 5123 et

397 5169 527 5249 absque
550 5170 815 5254 preparatioue3
844 5171 955 5258 ligura
972 5177 1124 5244 secunda
1146 5175 1184 5248 in
1204 5176 1344 5268 plexum
1362 5175 1552 5250 resolutum
1574 5181 1678 5253 atque
1694 5173 1749 5252 bis
1772 5172 1898 5237 micro·

397 5283 517 5366 scopio
540 5295 687 5358 auctum.
1450 5303 1453 5308 ·
