5080 6812
1073 739 1139 836 79

351 917 519 1014 vicinis
543 925 734 1015 ramos?
760 921 862 1020 Cur
882 956 1002 1052 opus
1029 905 1190 1019 fuisset
1209 920 1405 1050 officiata
1425 956 1644 1041 nervosae,
1663 923 1863 1018 surculis

352 1076 538 1201 aliquot
574 1078 840 1176 tenerrimis
882 1081 942 1173 ad
976 1082 1197 1174 arteriam
1235 1102 1418 1174 aortam
1448 1081 1638 1175 missis?
1678 1081 1863 1174 Viscera

352 1232 566 1331 thoracis
584 1257 730 1357 atque
760 1236 1030 1330 abdominis
1065 1268 1166 1330 non
1198 1236 1263 1330 ita
1294 1271 1321 1328 a
1348 1236 1631 1330 seinvicem
1666 1236 1863 1328 discreta

227 1509 231 1518 .
350 1405 489 1504 sunt,
518 1390 591 1482 uti
620 1392 886 1484 secundum
916 1391 1048 1484 illam
1076 1392 1310 1486 theoriam
1335 1393 1534 1519 ponitur
1544 1431 1556 1504 ;
1587 1393 1665 1486 se'd
1698 1390 1863 1484 omnia

353 1543 528 1637 intimo
564 1547 689 1640 inter
727 1580 775 1640 se
812 1547 998 1674 juncta
1019 1570 1136 1642 sunt
1173 1549 1467 1641 commercio:
1519 1549 1863 1661 admittamus,

350 1698 534 1828 ganglia
557 1725 702 1826 atquc
724 1702 888 1830 plexus
914 1736 1127 1798 nervosos
1149 1737 1175 1796 a
1193 1737 1240 1797 se
1264 1705 1464 1797 invicem
1482 1724 1732 1836 segregatos
1750 1733 1862 1816 esse,

353 1888 440 1948 nec
454 1857 635 1952 idoneis
646 1860 849 1954 vinculis
869 1894 1037 1954 nexos:
1058 1862 1256 1985 quodvis
1269 1892 1500 1989 organon,
1518 1859 1579 1951 ab
1600 1859 1697 1953 istis
1711 1857 1879 1952 nervis*

352 2044 507 2106 ramos
537 2016 749 2130 trahens,
780 2050 867 2111 suo
894 2019 1037 2110 modo
1067 2038 1212 2139 atque
1238 2049 1393 2142 perse
1419 2015 1691 2128 laborasset,
1727 2012 1863 2106 nulla

352 2167 412 2259 ad
444 2170 719 2263 universum
749 2192 947 2299 systema
983 2172 1167 2264 ratione
1205 2170 1381 2264 habita.
1436 2172 1618 2264 Exinde
1647 2193 1863 2264 secutum

352 2345 488 2438 esset,
515 2345 572 2416 ut
600 2326 885 2452 conspiratio
902 2327 1116 2453 partium
1143 2325 1277 2418 omni
1297 2347 1543 2419 momento
1570 2327 1862 2440 turbaretur,

352 2498 497 2600 atquc
514 2479 765 2572 harmonia
783 2483 1094 2580 functionum
1112 2482 1276 2605 quavis
1295 2482 1533 2575 occasione
1553 2503 1864 2608 rumperetur.
1952 2469 1953 2474 Ν
1975 2453 1982 2462 ’

423 2637 465 2752 l.
490 2664 573 2758 99.
622 2635 741 2728 ldeis
769 2669 795 2728 a
820 2633 992 2730 Biclaat
1017 2637 1212 2764 prolatis
1239 2670 1376 2730 suam
1401 2639 1710 2763 superstruxit
1737 2617 1864 2729 theo

351 2787 473 2881 riam
506 2789 788 2886 clarissimus
820 2788 957 2904 Iteil,
997 2825 1145 2917 quam
1177 2793 1325 2884 fusius
1357 2792 1614 2918 expendere
1645 2791 1766 2883 mihi
1796 2811 1864 2886 est

352 2946 565 3059 animus,
594 2969 786 3075 propter
822 2949 1080 3044 maximam
1113 2949 1213 3076 ejus
1244 2919 1536 3076 dignitatem.

424 3103 996 3231 Nervussympatheticus
1024 3105 1182 3230 (juxta
1203 3097 1460 3221 Reilium¹)
1485 3101 1734 3228 proprium
1756 3132 1865 3193 con-

350 3257 508 3351 stituit
541 3279 741 3386 systema
776 3291 1050 3372 nervosum,
1090 3259 1221 3382 quod
1261 3259 1442 3385 optime
1472 3256 1864 3348 denominatione

348 3414 622 3542 &crematis
646 3410 890 3543 gangliosi
918 3447 999 3508 seu
1027 3410 1335 3544 gangliorum
1364 3414 1644 3542 insignitur,
1676 3445 1704 3507 a
1728 3433 1864 3541 syste-

352 3589 480 3660 mate
514 3568 735 3662 cerebrali
769 3569 1017 3664 diversum.

423 3722 595 3816 Solum
614 3725 817 3817 occurrit
840 3726 961 3820 illud
979 3746 1177 3854 systema
1199 3724 1250 3817 in
1270 3725 1557 3848 quibusdam
1578 3719 1863 3815 animalium

352 3879 621 3989 ordinibus;
636 3880 1034 4011 solumprospicit
1048 3883 1232 4010 organis
1247 3869 1862 3986 nutritionidicatis3solum

351 4056 515 4162 praeest
549 4037 809 4152 functioni,
841 4071 936 4162 qua
967 4038 1235 4166 opitulante
1267 4038 1450 4165 perdita
1476 4057 1621 4159 atque
1646 4067 1731 4161 per
1759 4034 1864 4128 vitae

351 4223 619 4317 processum
647 4217 896 4289 consumta
918 4196 1335 4323 reproducuntur:
1363 4223 1508 4317 quare
1533 4221 1723 4283 summo
1751 4221 1863 4300 cum

352 4345 457 4472 jure
485 4369 683 4474 systema
715 4382 966 4444 nervosum
990 4352 1302 4482 vegetativum
1329 4348 1605 4476 appellatur.
1644 4346 1863 4439 Primum

353 4535 460 4630 crgo
490 4504 619 4598 adest
654 4507 705 4599 in
733 4508 1020 4603 animalium
1048 4508 1193 4624 scala,
1218 4540 1323 4633 quae
1353 4541 1380 4599 a
1406 4502 1644 4597 molluscis
1673 4501 1857 4628 incipit,

353 4658 528 4793 sensim
551 4663 781 4783 usquead
806 4663 1055 4757 hominem
1075 4666 1338 4761 ascendens.
1376 4663 1432 4753 ln
1453 4658 1739 4752 animalium
1764 4690 1865 4784 per·

356 4815 604 4909 fectiorum
635 4818 855 4913 classibus
883 4854 996 4915 cum
1024 4844 1269 4951 systemate
1302 4833 1493 4914 nervoso
1521 4811 1757 4910 cerebrali
1781 4847 1863 4906 seu

354 4967 558 5064 animali
583 4977 736 5070 amico
760 4980 995 5073 consortio
1021 4981 1216 5097 unitur,
1242 4979 1525 5104 neutiquam
1551 5006 1657 5070 vero
1686 4972 1746 5066 ab
1775 4971 1862 5067 isto

397 5329 413 5392 .¹
438 5325 573 5418 Archiv
585 5326 661 5422 fiir
682 5329 739 5397 die
760 5332 1013 5430 Physiologie5
1040 5337 1202 5420 Bandy,
1218 5357 1254 5423 p·
1281 5335 1354 5418 189·
