5076 6816
1063 737 1132 832 99

347 921 606 1014 contractio
633 946 734 1014 non
767 919 970 1016 inhiberi
1002 944 1156 1049 potest
1183 921 1235 1015 in
1265 923 1471 1018 vomitus
1498 923 1768 1039 conatibus,
1801 924 1854 1016 in

347 1077 486 1190 tussi,
511 1110 596 1168 nec
621 1078 671 1168 in
694 1077 864 1170 ultima
882 1078 1211 1205 parturitionis
1230 1079 1422 1205 periodo
1443 1117 1454 1171 ε
1476 1078 1695 1172 voluntas
1718 1077 1866 1172 nullo,

347 1235 491 1325 modo
523 1233 725 1361 imperat
758 1233 890 1350 iridi,
920 1234 1136 1357 quamvis
1163 1234 1372 1361 ejusdem
1404 1257 1563 1329 motus
1588 1235 1649 1328 ab
1675 1235 1854 1328 irritata

348 1389 509 1482 retina'
525 1392 741 1517 pendeat.
772 1393 842 1484 Ex
865 1389 1009 1484 altera
1028 1413 1183 1522 parte,
1206 1393 1524 1518 experimenta
1542 1391 1855 1521 physiologica

349 1546 493 1642 modo
541 1546 681 1640 citata
729 1547 1147 1664 demonstrarunt,
1194 1547 1345 1641 cordis
1386 1549 1729 1642 contractiones
1773 1578 1858 1675 per

351 1731 513 1794 nervos
539 1734 669 1829 posse
697 1703 898 1796 excitari.

420 1859 615 1951 Dantur
652 1860 861 1983 denique
887 1858 980 1951 alia
1013 1881 1313 1988 argumenta,
1352 1893 1474 1985 quae*
1492 1861 1756 1988 analogiam
1785 1857 1857 1950 vel

348 2014 508 2139 potius
539 2016 792 2141 paritatem
824 2016 948 2122 inter
980 2015 1076 2107 duo
1101 2036 1365 2144 =systemata
1406 2049 1596 2108 nervosa
1630 2017 1857 2109 evincunt
1991 2051 1993 2056 ’

350 2193 559 2296 respectu
575 2172 773 2286 virium,
797 2170 974 2294 quibus
992 2169 1199 2296 pollent,
1219 2172 1460 2286 vitalium,
1484 2195 1531 2263 ct
1548 2173 1855 2272 functionum
1955 2241 1959 2252 .

350 2358 468 2449 quas
494 2349 719 2420 exercent.
754 2327 1069 2454 Compertum
1098 2328 1229 2423 enim
1263 2327 1495 2422 habemus
1524 2328 1592 2446 (ς.
1624 2327 1772 2455 107),
1803 2328 1855 2418 in

349 2482 638 2576 animalibus
677 2484 948 2577 vertebratis
990 2484 1223 2577 inferioris
1257 2485 1466 2599 ordinis,
1506 2486 1629 2577 sicut
1662 2485 1714 2580 in
1756 2484 1858 2607 qui·

347 2636 550 2730 busdam
582 2670 683 2733 non
708 2639 1002 2754 vertebratis,
1034 2639 1179 2731 modo
1204 2631 1404 2732 nervum
1434 2639 1857 2768 sympatheticum,

313 2781 314 2784 Ὺ
349 2793 492 2886 modo
523 2827 724 2889 nervum
753 2827 944 2925 vagum,
979 2828 1072 2887 esse
1100 2793 1446 2923 incompletum
1475 2796 1548 2890 vel
1578 2796 1720 2924 plane
1751 2792 1861 2888 deli·

350 2983 471 3066 cere,
492 2983 544 3044 ea
561 2972 724 3046 tamen
741 2951 856 3080 lege,
880 2973 936 3044 ut
956 2982 1126 3045 nervus
1141 2985 1339 3078 praesens
1357 2949 1617 3049 deficientis
1636 2954 1859 3080 suscipiat

350 3139 543 3203 munus.
586 3109 731 3202 Porro
760 3109 1023 3203 innumerae
1054 3108 1395 3202 observationes
1426 3109 1667 3203 declarant
1696 3125 1860 3204 nervos

352 3265 644 3359 voluntarios
671 3266 723 3356 in
751 3264 1096 3359 involuntarios
1115 3296 1246 3392 posse
1271 3267 1472 3380 mutari,
1503 3289 1550 3362 et
1580 3267 1678 3360 vice
1706 3299 1862 3360 versa:

351 3424 481 3546 quod
513 3445 635 3517 certe
663 3419 764 3516 fieri
800 3443 909 3514 non·
934 3443 1107 3550 posset,
1145 3421 1182 3514 si
1211 3422 1476 3516 maximum
1508 3423 1758 3516 discrimen
1787 3424 1860 3554 in·

350 3601 535 3673 teressct
569 3581 695 3672 inter
727 3579 989 3672 eorundem
1024 3579 1280 3692 fabricam,
1321 3600 1544 3672 naturam
1583 3601 1727 3703 atque
1759 3579 1858 3670 vim

349 3735 553 3829 vitalem.
580 3736 658 3831 sic
681 3766 1000 3861 saepenumero
1024 3733 1156 3826 nervi
1185 3733 1435 3828 cerebrales
1460 3757 1507 3828 et
1528 3734 1729 3862 spinales
1756 3765 1857 3826 non

350 3892 505 3987 solum
528 3893 743 4022 regimini
766 3891 940 3984 mentis
957 3891 1316 4005 subducuntur,
1338 3924 1502 3984 verum
1523 3892 1667 3984 etiam
1692 3890 1859 3984 alienis

353 4050 585 4144 obediunt
604 4048 835 4164 stimuliS,
850 4047 1051 4175 exempli
1071 4047 1238 4177 gratia,
1265 4048 1385 4140 dum
1412 4047 1615 4142 musculi
1641 4069 1858 4162 artuum,

352 4208 507 4324 faciei,
535 4229 641 4322 etc,
673 4204 1060 4300 convulsionibus
1087 4227 1203 4300 sunt
1232 4206 1443 4332 correpti.
1467 4281 1471 4290 .
1492 4205 1631 4297 Tune
1657 4203 1709 4297 hi
1735 4235 1860 4316 mus

353 4364 448 4457 culi
478 4366 529 4458 in
562 4365 724 4459 eadem
749 4383 864 4456 sunt
891 4362 1164 4456 conditione
1187 4384 1409 4489 respectu
1440 4361 1638 4477 cerebri,
1669 4394 1723 4454 ac
1739 4393 1859 4484 cor:

353 4521 705 4615 contrahuntur
727 4519 857 4611 enim
879 4541 985 4646 post
1006 4518 1320 4612 irritationem
1339 4517 1790 4644 praeternaturalem,
1812 4536 1861 4609 et

352 4669 606 4785 moventur
629 4699 793 4770 contra
814 4675 1110 4769 voluntatem
1133 4675 1305 4789 animi,
1328 4709 1382 4766 ex
1403 4708 1454 4768 ea
1478 4676 1633 4768 forsan
1654 4674 1857 4786 ratione,

355 4834 484 4960 quod
522 4832 745 4926 stimulus
785 4863 960 4948 novus,
1005 4854 1173 4960 potens
1209 4852 1258 4924 et
1297 4831 1521 4944 vividior,
1565 4831 1759 4924 solitum
1804 4841 1858 4920 ac'

354 4988 571 5083 naturale
603 4985 957 5082 irritamentum
977 4988 1218 5116 opprimit
1250 5009 1393 5110 atque
1423 4987 1662 5081 obtundit.
1704 4986 1856 5100 lstud,

326 5149 511 5270 ‚quoad
537 5143 774 5239 musculos
793 5145 1101 5261 voluntarios,
1127 5145 1179 5239 in
1205 5143 1393 5236 influxu
1415 5145 1626 5237 consistit
1644 5141 1857 5252 nervoso;

356 5303 512 5426 quoad
529 5302 872 5398 involuntarios
883 5335 1009 5418 vero,
1026 5299 1225 5431 exempli
1242 5300 1412 5431 gratia,
1436 5333 1537 5420 cor,
1553 5303 1604 5395 in
1620 5289 1861 5432 sanguinis
1985 5423 1989 5434 ι
