5076 6816
1073 717 1169 845 1'4'9

367 936 564 1064 longum
590 956 777 1062 tempus
805 965 1031 1028 somnum
1064 934 1353 1049 turbaverat,
1386 932 1437 1025 in
1469 933 1725 1061 encephalo
1751 933 1888 1028 dete·-a

366 1123 469 1220 gere
503 1090 652 1218 potui.

440 1244 633 1339 Collum
653 1246 938 1368 defoedatum
961 1266 1061 1336 erat
1080 1277 1105 1335 a
1122 1265 1322 1354 struma,
1344 1243 1499 1336 morbi
1518 1275 1682 1372 genere
1702 1245 1872 1337 nostris

367 1401 419 1492 in
449 1400 715 1528 regionibus
736 1402 998 1492 admodum
1022 1398 1265 1511 familiari,
1288 1431 1391 1522 quae
1411 1432 1517 1492 vero
1543 1398 1729 1492 nullam
1751 1430 1871 1526 pres

364 1557 546 1648 sionem
580 1557 770 1648 noxiam
806 1558 857 1646 in
890 1588 994 1647 vasa
1020 1554 1259 1646 exercebat
1287 1556 1554 1681 sanguinea.

437 1711 639 1804 Pectoris
669 1735 839 1838 organa
875 1712 926 1803 in
948 1731 1074 1802 statu
1106 1731 1241 1800 erant
1262 1710 1472 1834 perfectae
1494 1710 1719 1801 sanitatis.
1749 1709 1871 1802 Ven-

363 1866 580 1980 triculus,
606 1899 750 1991 quem
771 1867 976 1958 vomitus
996 1866 1114 1993 nigri
1139 1896 1489 1993 gangraenosum
1512 1865 1632 1956 mihi
1652 1896 1883 1990 praeuuu.

363 2022 616 2130 tiaverant,
652 2023 785 2114 nulla
817 2020 1008 2114 affectus
1039 2043 1139 2112 erat
1173 2020 1278 2111 labe
1305 2021 1543 2146 organica;
1576 2053 1663 2113 nec
1688 2020 1868 2144 reliqua

270 2249 277 2258 ,
363 2176 606 2290 intestina,
637 2208 791 2299 neque
826 2208 997 2304 organa
1024 2175 1334 2300 uropoietica,
1365 2177 1684 2267 mutationem
1717 2175 1866 2268 ullam

361 2330 414 2421 in
441 2364 525 2423 sua
562 2354 796 2424 structura
827 2331 1168 2423 monstrabant.
1215 2329 1373 2456 Hepar
1406 2330 1561 2422 solum
1591 2351 1689 2423 crat
1719 2331 1868 2422 viscus

359 2485 663 2616 abdominale
681 2486 810 2608 quod
832 2487 1099 2578 marcidum
1118 2505 1250 2599 esset,
1274 2508 1417 2608 atque
1442 2484 1644 2578 colorem
1665 2484 1866 2579 lividum

359 2637 556 2732 offerret.
604 2641 808 2755 Uterus,
847 2642 898 2732 iu
933 2641 1105 2762 quinto
1135 2639 1421 2767 graviditatis
1451 2671 1609 2731 mense
1642 2641 1868 2733 constitu-

359 2814 452 2908 tus,
475 2795 544 2886 nil
569 2797 773 2888 morbosi
797 2796 1022 2910 ostendit,
1044 2817 1209 2920 praeter
1225 2817 1433 2887 tumores
1450 2793 1634 2918 aliquot
1653 2791 1864 2910 fibrosos,

358 2949 565 3076 ejusdem
587 2952 858 3044 substantiae
884 2951 1095 3065 innatos,
1115 2949 1351 3077 juglandis
1370 2950 1504 3041 nucis
1523 2951 1864 3078 magnitudine.

358 3103 524 3198 Cervix
555 3107 676 3199 uteri
710 3108 850 3219 dura,
889 3129 945 3198 et
972 3102 1208 3198 orificium
1241 3103 1340 3231 ejus
1365 3113 1635 3218 externum,
1665 3107 1866 3230 perfecte

357 3257 591 3373 clausum,
610 3261 1009 3386 manipulationes
1028 3261 1270 3372 vetabant,
1289 3289 1405 3380 quas
1426 3280 1606 3351 tentare
1622 3259 1863 3352 volueram

355 3415 416 3506 ad
435 3415 658 3507 abortum
675 3417 999 3531 excitandum,
1019 3449 1070 3507 ea
1090 3415 1375 3527 intentione,
1397 3435 1452 3505 ut
1470 3447 1605 3506 causa
1622 3413 1864 3507 tolleretur

354 3571 560 3662 vomitus
588 3572 819 3664 continui.
863 3573 901 3664 F
901 3593 1021 3665 cetus
1049 3604 1194 3665 sanus
1218 3591 1351 3683 erat,
1371 3591 1418 3662 et
1454 3570 1626 3663 insitu
1655 3571 1859 3664 naturali

355 3726 651 3819 constitutus.

427 3881 637 3975 Remotis
659 3884 884 3978 omnibus
908 3884 1177 3996 visceribus,
1200 3881 1252 3973 in
1277 3879 1460 4008 ganglia
1483 3879 1705 4002 inquisivi
1727 3883 1861 3974 semi-

355 4031 565 4152 lunaria,
604 4070 812 4161 quorum
847 4062 1134 4134 exsectorum
1171 4037 1380 4130 indolem
1414 4058 1558 4159 atque
1586 4060 1763 4131 statum
1806 4039 1857 4131 in

353 4190 703 4314 amphitheatro
736 4197 1006 4289 anatomico
1039 4214 1220 4287 attente
1243 4212 1559 4318 perscrutatus
1589 4225 1708 4284 sum.
1747 4195 1856 4288 Non

354 4345 547 4467 quidem
575 4350 626 4438 in
657 4349 862 4444 alienam
896 4372 1081 4443 mutata
1112 4371 1247 4442 erant
1273 4348 1610 4458 substantiam
1636 4350 1715 4441 sed
1738 4348 1858 4441 colo·

352 4532 451 4592 rem
481 4503 752 4627 praebebant
779 4507 962 4600 intense
987 4507 1213 4619 rubrum,
1238 4505 1322 4627 qui
1346 4537 1372 4594 a
1402 4504 1563 4630 peritis
1584 4503 1716 4618 viris,
1749 4536 1857 4597 ana·

350 4657 508 4748 tomiae
533 4662 733 4753 summis
761 4661 1042 4777 cultoribus,
1075 4660 1361 4784 quibuscum
1392 4692 1472 4786 ego
1499 4658 1623 4750 hanc
1652 4658 1856 4751 observa·
1943 4703 1946 4710 ¹

239 4899 242 4906 ,
350 4809 531 4904 tionem
553 4818 923 4932 communicavi,
943 4850 1029 4944 pro
1048 4849 1154 4909 vera
1173 4846 1226 4906 ac
1244 4813 1450 4941 genuina
1471 4811 1852 4906 inflammatione

349 4967 695 5091 agnoscebatur.
756 4974 824 5064 Ea
867 4970 1185 5064 inflammatio
1222 4971 1336 5060 adeo
1381 4989 1479 5060 erat
1512 4969 1749 5091 pertinax,
1796 4991 1853 5064 ut

347 5121 549 5248 ganglia,
579 5147 684 5250 post
712 5129 861 5221 trium
892 5130 1077 5220 dierum
1107 5129 1158 5219 in
1192 5158 1315 5248 aqna
1342 5124 1505 5250 frigida
1535 5123 1849 5241 infusionem,

347 5308 519 5400 parum
546 5281 867 5407 pallescerent;
901 5307 948 5378 et
970 5287 1036 5375 sic
1063 5283 1285 5412 ganglion
1312 5281 1529 5373 dextrum
1558 5279 1746 5408 depingi
1775 5315 1852 5375 cu·
