<?xml version="1.0" encoding="UTF-8"?>
<!DOCTYPE html PUBLIC "-//W3C//DTD XHTML 1.0 Transitional//EN"
    "http://www.w3.org/TR/xhtml1/DTD/xhtml1-transitional.dtd">
<html xmlns="http://www.w3.org/1999/xhtml" xml:lang="en" lang="en">
 <head>
  <title>
</title>
<meta http-equiv="Content-Type" content="text/html;charset=utf-8" />
  <meta name='ocr-system' content='tesseract 3.04.00' />
  <meta name='ocr-capabilities' content='ocr_page ocr_carea ocr_par ocr_line ocrx_word'/>
</head>
<body>
  <div class='ocr_page' id='page_1' title='image "./denervisympathe00lobsgoog_0062.png"; bbox 0 0 5080 6812; ppageno 0'>
   <div class='ocr_carea' id='block_1_1' title="bbox 380 907 2034 5080">
    <p class='ocr_par' dir='ltr' id='par_1_1' title="bbox 380 907 1903 1346">
     <span class='ocr_line' id='line_1_1' title="bbox 384 907 1887 1037; baseline 0.002 -37"><span class='ocrx_word' id='word_1_1' title='bbox 384 941 480 1032; x_wconf 93' lang='lat' dir='ltr'><strong>quo</strong></span> <span class='ocrx_word' id='word_1_2' title='bbox 520 907 698 1012; x_wconf 85' lang='lat' dir='ltr'><strong>lactum</strong></span> <span class='ocrx_word' id='word_1_3' title='bbox 731 927 821 1022; x_wconf 86' lang='lat' dir='ltr'><strong>cst,</strong></span> <span class='ocrx_word' id='word_1_4' title='bbox 853 927 910 1009; x_wconf 88' lang='lat' dir='ltr'><strong>ut</strong></span> <span class='ocrx_word' id='word_1_5' title='bbox 941 937 1151 1011; x_wconf 83' lang='lat' dir='ltr'><strong>nervum·</strong></span> <span class='ocrx_word' id='word_1_6' title='bbox 1170 907 1569 1037; x_wconf 85' lang='lat' dir='ltr'><strong>sympatheticnrn</strong></span> <span class='ocrx_word' id='word_1_7' title='bbox 1606 909 1657 1006; x_wconf 92' lang='lat' dir='ltr'><strong>in</strong></span> <span class='ocrx_word' id='word_1_8' title='bbox 1688 909 1887 1036; x_wconf 80' lang='lat' dir='ltr'><strong>gratiam</strong></span> 
     </span>
     <span class='ocr_line' id='line_1_2' title="bbox 382 1040 1903 1190; baseline 0.005 -34"><span class='ocrx_word' id='word_1_9' title='bbox 382 1063 661 1162; x_wconf 80' lang='lat' dir='ltr'><strong>arteriarum</strong></span> <span class='ocrx_word' id='word_1_10' title='bbox 697 1063 1004 1156; x_wconf 79' lang='lat' dir='ltr'><strong>fabrefactum</strong></span> <span class='ocrx_word' id='word_1_11' title='bbox 1036 1097 1128 1164; x_wconf 83' lang='lat' dir='ltr'><strong>asse</strong></span> <span class='ocrx_word' id='word_1_12' title='bbox 1163 1063 1486 1190; x_wconf 86' lang='lat' dir='ltr'><strong>crediderint,</strong></span> <span class='ocrx_word' id='word_1_13' title='bbox 1512 1040 1669 1186; x_wconf 16' lang='lat' dir='ltr'><strong>atque..</strong></span> <span class='ocrx_word' id='word_1_14' title='bbox 1691 1063 1903 1168; x_wconf 74' lang='lat' dir='ltr'><strong>nomine:</strong></span> 
     </span>
     <span class='ocr_line' id='line_1_3' title="bbox 380 1214 1601 1346; baseline -0.006 -32"><span class='ocrx_word' id='word_1_15' title='bbox 380 1218 515 1314; x_wconf 83' lang='lat' dir='ltr'><strong>nervi</strong></span> <span class='ocrx_word' id='word_1_16' title='bbox 544 1214 810 1312; x_wconf 81' lang='lat' dir='ltr'><strong>vasculnri&#39;s</strong></span> <span class='ocrx_word' id='word_1_17' title='bbox 846 1219 1172 1346; x_wconf 81' lang='lat' dir='ltr'><strong>insigniverint</strong></span> <span class='ocrx_word' id='word_1_18' title='bbox 1203 1219 1443 1316; x_wconf 74' lang='lat' dir='ltr'><strong>clarissimi</strong></span> <span class='ocrx_word' id='word_1_19' title='bbox 1476 1217 1601 1315; x_wconf 85' lang='lat' dir='ltr'><strong>viri.¹</strong></span> 
     </span>
    </p>

    <p class='ocr_par' dir='ltr' id='par_1_2' title="bbox 380 1351 1985 2120">
     <span class='ocr_line' id='line_1_4' title="bbox 454 1351 1985 1500; baseline 0 -36"><span class='ocrx_word' id='word_1_20' title='bbox 454 1351 643 1464; x_wconf 28' lang='lat' dir='ltr'><strong>Priores*</strong></span> <span class='ocrx_word' id='word_1_21' title='bbox 664 1373 872 1497; x_wconf 86' lang='lat' dir='ltr'><strong>ejusdem</strong></span> <span class='ocrx_word' id='word_1_22' title='bbox 902 1405 1084 1500; x_wconf 86' lang='lat' dir='ltr'><strong>semper</strong></span> <span class='ocrx_word' id='word_1_23' title='bbox 1119 1395 1236 1476; x_wconf 87' lang='lat' dir='ltr'><strong>sunt</strong></span> <span class='ocrx_word' id='word_1_24' title='bbox 1270 1373 1453 1476; x_wconf 86' lang='lat' dir='ltr'><strong>indolis.</strong></span> <span class='ocrx_word' id='word_1_25' title='bbox 1496 1375 1698 1478; x_wconf 85' lang='lat' dir='ltr'><strong>Variant</strong></span> <span class='ocrx_word' id='word_1_26' title='bbox 1735 1406 1899 1478; x_wconf 30' lang='lat' dir='ltr'><strong>revera*</strong></span> <span class='ocrx_word' id='word_1_27' title='bbox 1982 1427 1985 1434; x_wconf 63' lang='lat'>=</span> 
     </span>
     <span class='ocr_line' id='line_1_5' title="bbox 382 1507 1902 1656; baseline 0.002 -37"><span class='ocrx_word' id='word_1_28' title='bbox 382 1527 502 1620; x_wconf 80' lang='lat' dir='ltr'><strong>circa</strong></span> <span class='ocrx_word' id='word_1_29' title='bbox 521 1527 870 1656; x_wconf 83' lang='lat' dir='ltr'><strong>longitudinem</strong></span> <span class='ocrx_word' id='word_1_30' title='bbox 891 1528 963 1630; x_wconf 82' lang='lat' dir='ltr'><strong>vel</strong></span> <span class='ocrx_word' id='word_1_31' title='bbox 988 1529 1297 1636; x_wconf 62' lang='lat' dir='ltr'><strong>tenuitatem</strong></span> <span class='ocrx_word' id='word_1_32' title='bbox 1315 1507 1394 1628; x_wconf 82' lang='lat' dir='ltr'><strong>sed</strong></span> <span class='ocrx_word' id='word_1_33' title='bbox 1420 1529 1606 1630; x_wconf 83' lang='lat' dir='ltr'><strong>interna</strong></span> <span class='ocrx_word' id='word_1_34' title='bbox 1627 1530 1902 1638; x_wconf 80' lang='lat' dir='ltr'><strong>eorundem·¹</strong></span> 
     </span>
     <span class='ocr_line' id='line_1_6' title="bbox 380 1684 1901 1809; baseline -0.001 -33"><span class='ocrx_word' id='word_1_35' title='bbox 380 1705 616 1776; x_wconf 87' lang='lat' dir='ltr'><strong>structura</strong></span> <span class='ocrx_word' id='word_1_36' title='bbox 648 1685 811 1778; x_wconf 88' lang='lat' dir='ltr'><strong>eadem</strong></span> <span class='ocrx_word' id='word_1_37' title='bbox 848 1715 1039 1782; x_wconf 86' lang='lat' dir='ltr'><strong>manere</strong></span> <span class='ocrx_word' id='word_1_38' title='bbox 1071 1684 1300 1797; x_wconf 78' lang='lat' dir='ltr'><strong>videtur„</strong></span> <span class='ocrx_word' id='word_1_39' title='bbox 1323 1684 1501 1809; x_wconf 90' lang='lat' dir='ltr'><strong>quippe</strong></span> <span class='ocrx_word' id='word_1_40' title='bbox 1538 1716 1642 1807; x_wconf 83' lang='lat' dir='ltr'><strong>quae</strong></span> <span class='ocrx_word' id='word_1_41' title='bbox 1681 1685 1901 1788; x_wconf 60' lang='lat' dir='ltr'><strong>eundern,</strong></span> 
     </span>
     <span class='ocr_line' id='line_1_7' title="bbox 383 1837 1888 1966; baseline 0.001 -37"><span class='ocrx_word' id='word_1_42' title='bbox 383 1837 526 1966; x_wconf 78' lang='lat' dir='ltr'><strong>babet</strong></span> <span class='ocrx_word' id='word_1_43' title='bbox 550 1837 778 1952; x_wconf 89' lang='lat' dir='ltr'><strong>colorem,</strong></span> <span class='ocrx_word' id='word_1_44' title='bbox 801 1841 1000 1942; x_wconf 88' lang='lat' dir='ltr'><strong>eandem</strong></span> <span class='ocrx_word' id='word_1_45' title='bbox 1028 1839 1326 1952; x_wconf 80' lang='lat' dir='ltr'><strong>densitatem,</strong></span> <span class='ocrx_word' id='word_1_46' title='bbox 1356 1838 1633 1961; x_wconf 84' lang='lat' dir='ltr'><strong>ubicunque</strong></span> <span class='ocrx_word' id='word_1_47' title='bbox 1662 1838 1765 1944; x_wconf 89' lang='lat' dir='ltr'><strong>illos</strong></span> <span class='ocrx_word' id='word_1_48' title='bbox 1788 1872 1888 1942; x_wconf 75' lang='lat' dir='ltr'><strong>cua·</strong></span> 
     </span>
     <span class='ocr_line' id='line_1_8' title="bbox 383 1991 1887 2120; baseline 0 -36"><span class='ocrx_word' id='word_1_49' title='bbox 383 1993 653 2107; x_wconf 77' lang='lat' dir='ltr'><strong>minareris,</strong></span> <span class='ocrx_word' id='word_1_50' title='bbox 678 1993 729 2083; x_wconf 92' lang='lat' dir='ltr'><strong>in</strong></span> <span class='ocrx_word' id='word_1_51' title='bbox 760 1993 905 2108; x_wconf 89' lang='lat' dir='ltr'><strong>collo,</strong></span> <span class='ocrx_word' id='word_1_52' title='bbox 935 1993 1093 2106; x_wconf 87' lang='lat' dir='ltr'><strong>dorso,</strong></span> <span class='ocrx_word' id='word_1_53' title='bbox 1122 1992 1298 2086; x_wconf 92' lang='lat' dir='ltr'><strong>lumbis</strong></span> <span class='ocrx_word' id='word_1_54' title='bbox 1321 1991 1392 2086; x_wconf 87' lang='lat' dir='ltr'><strong>vel</strong></span> <span class='ocrx_word' id='word_1_55' title='bbox 1424 1993 1475 2086; x_wconf 95' lang='lat' dir='ltr'><strong>in</strong></span> <span class='ocrx_word' id='word_1_56' title='bbox 1502 1995 1686 2120; x_wconf 84' lang='lat' dir='ltr'><strong>regione</strong></span> <span class='ocrx_word' id='word_1_57' title='bbox 1710 1992 1887 2098; x_wconf 85' lang='lat' dir='ltr'><strong>sacrali,</strong></span> 
     </span>
    </p>

    <p class='ocr_par' dir='ltr' id='par_1_3' title="bbox 383 2146 1902 2566">
     <span class='ocr_line' id='line_1_9' title="bbox 456 2146 1900 2273; baseline -0.001 -31"><span class='ocrx_word' id='word_1_58' title='bbox 456 2147 734 2260; x_wconf 84' lang='lat' dir='ltr'><strong>Considera,</strong></span> <span class='ocrx_word' id='word_1_59' title='bbox 759 2179 815 2248; x_wconf 84' lang='lat' dir='ltr'><strong>ex</strong></span> <span class='ocrx_word' id='word_1_60' title='bbox 851 2146 1172 2272; x_wconf 84' lang='lat' dir='ltr'><strong>alteraparte,</strong></span> <span class='ocrx_word' id='word_1_61' title='bbox 1205 2180 1357 2240; x_wconf 88' lang='lat' dir='ltr'><strong>ramos</strong></span> <span class='ocrx_word' id='word_1_62' title='bbox 1385 2149 1444 2238; x_wconf 86' lang='lat' dir='ltr'><strong>ad</strong></span> <span class='ocrx_word' id='word_1_63' title='bbox 1478 2180 1648 2273; x_wconf 85' lang='lat' dir='ltr'><strong>organa</strong></span> <span class='ocrx_word' id='word_1_64' title='bbox 1676 2148 1900 2265; x_wconf 48' lang='lat' dir='ltr'><strong>emissust·</strong></span> 
     </span>
     <span class='ocr_line' id='line_1_10' title="bbox 383 2300 1902 2426; baseline 0 -33"><span class='ocrx_word' id='word_1_65' title='bbox 383 2324 595 2426; x_wconf 80' lang='lat' dir='ltr'><strong>quantus</strong></span> <span class='ocrx_word' id='word_1_66' title='bbox 640 2324 689 2402; x_wconf 85' lang='lat' dir='ltr'><strong>et</strong></span> <span class='ocrx_word' id='word_1_67' title='bbox 732 2300 966 2416; x_wconf 82' lang='lat' dir='ltr'><strong>variabilis</strong></span> <span class='ocrx_word' id='word_1_68' title='bbox 1004 2303 1263 2412; x_wconf 82' lang='lat' dir='ltr'><strong>eorundem</strong></span> <span class='ocrx_word' id='word_1_69' title='bbox 1307 2323 1374 2414; x_wconf 77' lang='lat' dir='ltr'><strong>est</strong></span> <span class='ocrx_word' id='word_1_70' title='bbox 1412 2301 1634 2417; x_wconf 75' lang='lat' dir='ltr'><strong>habitus,</strong></span> <span class='ocrx_word' id='word_1_71' title='bbox 1677 2302 1902 2422; x_wconf 76' lang='lat' dir='ltr'><strong>indoles„</strong></span> 
     </span>
     <span class='ocr_line' id='line_1_11' title="bbox 384 2481 1708 2566; baseline 0.008 -14"><span class='ocrx_word' id='word_1_72' title='bbox 384 2481 567 2554; x_wconf 88' lang='lat' dir='ltr'><strong>natura.</strong></span> <span class='ocrx_word' id='word_1_73' title='bbox 1451 2483 1455 2494; x_wconf 89' lang='lat'>&#39;</span> <span class='ocrx_word' id='word_1_74' title='bbox 1570 2559 1573 2566; x_wconf 15' lang='grc' dir='ltr'><strong>Α</strong></span> <span class='ocrx_word' id='word_1_75' title='bbox 1703 2553 1708 2562; x_wconf 91' lang='grc'>.</span> 
     </span>
    </p>

    <p class='ocr_par' dir='ltr' id='par_1_4' title="bbox 382 2615 1887 2902">
     <span class='ocr_line' id='line_1_12' title="bbox 456 2615 1887 2744; baseline 0.001 -38"><span class='ocrx_word' id='word_1_76' title='bbox 456 2616 512 2706; x_wconf 93' lang='lat' dir='ltr'><strong>In</strong></span> <span class='ocrx_word' id='word_1_77' title='bbox 548 2615 702 2708; x_wconf 90' lang='lat' dir='ltr'><strong>canali</strong></span> <span class='ocrx_word' id='word_1_78' title='bbox 734 2618 934 2714; x_wconf 92' lang='lat' dir='ltr'><strong>carotico</strong></span> <span class='ocrx_word' id='word_1_79' title='bbox 967 2618 1268 2744; x_wconf 83' lang='lat' dir='ltr'><strong>reperiuntur</strong></span> <span class='ocrx_word' id='word_1_80' title='bbox 1302 2617 1478 2714; x_wconf 90' lang='lat' dir='ltr'><strong>surculi</strong></span> <span class='ocrx_word' id='word_1_81' title='bbox 1509 2615 1665 2730; x_wconf 85' lang='lat' dir='ltr'><strong>rubri,</strong></span> <span class='ocrx_word' id='word_1_82' title='bbox 1699 2634 1887 2730; x_wconf 75' lang='lat' dir='ltr'><strong>tenues,</strong></span> 
     </span>
     <span class='ocr_line' id='line_1_13' title="bbox 382 2769 1526 2902; baseline 0.003 -42"><span class='ocrx_word' id='word_1_83' title='bbox 382 2769 688 2894; x_wconf 87' lang='lat' dir='ltr'><strong>aliquantum</strong></span> <span class='ocrx_word' id='word_1_84' title='bbox 727 2771 860 2897; x_wconf 91' lang='lat' dir='ltr'><strong>plani</strong></span> <span class='ocrx_word' id='word_1_85' title='bbox 895 2773 1053 2899; x_wconf 89' lang='lat' dir='ltr'><strong>potius</strong></span> <span class='ocrx_word' id='word_1_86' title='bbox 1087 2805 1234 2900; x_wconf 88' lang='lat' dir='ltr'><strong>quam</strong></span> <span class='ocrx_word' id='word_1_87' title='bbox 1268 2772 1526 2902; x_wconf 82' lang='lat' dir='ltr'><strong>cylindrici.</strong></span> 
     </span>
    </p>

    <p class='ocr_par' dir='ltr' id='par_1_5' title="bbox 381 2923 1890 3360">
     <span class='ocr_line' id='line_1_14' title="bbox 456 2923 1885 3054; baseline 0.001 -38"><span class='ocrx_word' id='word_1_88' title='bbox 456 2927 513 3033; x_wconf 93' lang='lat' dir='ltr'><strong>ln</strong></span> <span class='ocrx_word' id='word_1_89' title='bbox 545 2924 867 3020; x_wconf 81' lang='lat' dir='ltr'><strong>colloadsunt</strong></span> <span class='ocrx_word' id='word_1_90' title='bbox 899 2929 1113 3054; x_wconf 88' lang='lat' dir='ltr'><strong>primum</strong></span> <span class='ocrx_word' id='word_1_91' title='bbox 1146 2929 1265 3028; x_wconf 85' lang='lat' dir='ltr'><strong>rami</strong></span> <span class='ocrx_word' id='word_1_92' title='bbox 1301 2928 1466 3042; x_wconf 89' lang='lat' dir='ltr'><strong>crassi,</strong></span> <span class='ocrx_word' id='word_1_93' title='bbox 1505 2927 1660 3040; x_wconf 86' lang='lat' dir='ltr'><strong>rubri,</strong></span> <span class='ocrx_word' id='word_1_94' title='bbox 1696 2923 1885 3040; x_wconf 91' lang='lat' dir='ltr'><strong>molles,</strong></span> 
     </span>
     <span class='ocr_line' id='line_1_15' title="bbox 381 3081 1890 3218; baseline 0 -42"><span class='ocrx_word' id='word_1_95' title='bbox 381 3081 555 3216; x_wconf 84' lang='lat' dir='ltr'><strong>succosi</strong></span> <span class='ocrx_word' id='word_1_96' title='bbox 593 3104 642 3174; x_wconf 87' lang='lat' dir='ltr'><strong>et</strong></span> <span class='ocrx_word' id='word_1_97' title='bbox 672 3084 1021 3218; x_wconf 73' lang='lat' dir='ltr'><strong>quadamtenus</strong></span> <span class='ocrx_word' id='word_1_98' title='bbox 1049 3084 1317 3211; x_wconf 78' lang='lat' dir='ltr'><strong>pellucidi„</strong></span> <span class='ocrx_word' id='word_1_99' title='bbox 1338 3117 1457 3210; x_wconf 89' lang='lat' dir='ltr'><strong>quos</strong></span> <span class='ocrx_word' id='word_1_100' title='bbox 1488 3081 1731 3189; x_wconf 82' lang='lat' dir='ltr'><strong>filamenta</strong></span> <span class='ocrx_word' id='word_1_101' title='bbox 1771 3083 1890 3186; x_wconf 81' lang='lat' dir='ltr'><strong>inso-</strong></span> 
     </span>
     <span class='ocr_line' id='line_1_16' title="bbox 383 3235 1642 3360; baseline 0.001 -28"><span class='ocrx_word' id='word_1_102' title='bbox 383 3258 605 3360; x_wconf 89' lang='lat' dir='ltr'><strong>quuntur</strong></span> <span class='ocrx_word' id='word_1_103' title='bbox 635 3235 742 3329; x_wconf 86' lang='lat' dir='ltr'><strong>alba</strong></span> <span class='ocrx_word' id='word_1_104' title='bbox 775 3259 919 3360; x_wconf 90' lang='lat' dir='ltr'><strong>atquc</strong></span> <span class='ocrx_word' id='word_1_105' title='bbox 950 3239 1126 3332; x_wconf 88' lang='lat' dir='ltr'><strong>tenuia.</strong></span> <span class='ocrx_word' id='word_1_106' title='bbox 1635 3333 1642 3346; x_wconf 79' lang='grc'>,</span> 
     </span>
    </p>

    <p class='ocr_par' dir='ltr' id='par_1_6' title="bbox 382 3391 1888 3672">
     <span class='ocr_line' id='line_1_17' title="bbox 455 3391 1888 3518; baseline 0.001 -34"><span class='ocrx_word' id='word_1_107' title='bbox 455 3393 513 3484; x_wconf 90' lang='lat' dir='ltr'><strong>ln</strong></span> <span class='ocrx_word' id='word_1_108' title='bbox 536 3391 734 3518; x_wconf 82' lang='lat' dir='ltr'><strong>pectoris</strong></span> <span class='ocrx_word' id='word_1_109' title='bbox 758 3391 953 3490; x_wconf 78' lang='lat' dir='ltr'><strong>cavitate</strong></span> <span class='ocrx_word' id='word_1_110' title='bbox 978 3393 1096 3490; x_wconf 85' lang='lat' dir='ltr'><strong>rami</strong></span> <span class='ocrx_word' id='word_1_111' title='bbox 1121 3424 1271 3492; x_wconf 85' lang='lat' dir='ltr'><strong>unam</strong></span> <span class='ocrx_word' id='word_1_112' title='bbox 1290 3394 1585 3516; x_wconf 87' lang='lat' dir='ltr'><strong>eandemque</strong></span> <span class='ocrx_word' id='word_1_113' title='bbox 1612 3413 1888 3494; x_wconf 74' lang='lat' dir='ltr'><strong>consonant</strong></span> 
     </span>
     <span class='ocr_line' id='line_1_18' title="bbox 382 3545 1059 3672; baseline 0.004 -33"><span class='ocrx_word' id='word_1_114' title='bbox 382 3545 593 3667; x_wconf 83' lang='lat' dir='ltr'><strong>indolem</strong></span> <span class='ocrx_word' id='word_1_115' title='bbox 629 3568 773 3672; x_wconf 88' lang='lat' dir='ltr'><strong>atque</strong></span> <span class='ocrx_word' id='word_1_116' title='bbox 804 3547 1059 3662; x_wconf 60' lang='lat' dir='ltr'><strong>habitum„</strong></span> 
     </span>
    </p>

    <p class='ocr_par' dir='ltr' id='par_1_7' title="bbox 383 3702 2034 4764">
     <span class='ocr_line' id='line_1_19' title="bbox 453 3702 1903 3830; baseline -0.006 -32"><span class='ocrx_word' id='word_1_117' title='bbox 453 3702 547 3798; x_wconf 78' lang='lat' dir='ltr'><strong>sed</strong></span> <span class='ocrx_word' id='word_1_118' title='bbox 587 3726 770 3827; x_wconf 87' lang='lat' dir='ltr'><strong>quanta</strong></span> <span class='ocrx_word' id='word_1_119' title='bbox 815 3703 867 3817; x_wconf 86' lang='lat' dir='ltr'><strong>in</strong></span> <span class='ocrx_word' id='word_1_120' title='bbox 915 3704 1172 3796; x_wconf 86' lang='lat' dir='ltr'><strong>abdomine</strong></span> <span class='ocrx_word' id='word_1_121' title='bbox 1214 3704 1451 3798; x_wconf 86' lang='lat' dir='ltr'><strong>diversitas</strong></span> <span class='ocrx_word' id='word_1_122' title='bbox 1485 3705 1614 3800; x_wconf 81' lang='lat' dir='ltr'><strong>&#39;circa</strong></span> <span class='ocrx_word' id='word_1_123' title='bbox 1657 3702 1903 3830; x_wconf 75' lang='lat' dir='ltr'><strong>plexuum.</strong></span> 
     </span>
     <span class='ocr_line' id='line_1_20' title="bbox 383 3831 1886 3981; baseline 0.001 -33"><span class='ocrx_word' id='word_1_124' title='bbox 383 3879 605 3976; x_wconf 87' lang='lat' dir='ltr'><strong>naturam</strong></span> <span class='ocrx_word' id='word_1_125' title='bbox 650 3875 793 3981; x_wconf 83' lang='lat' dir='ltr'><strong>atque</strong></span> <span class='ocrx_word' id='word_1_126' title='bbox 830 3860 891 3949; x_wconf 89' lang='lat' dir='ltr'><strong>ad</strong></span> <span class='ocrx_word' id='word_1_127' title='bbox 926 3889 1032 3950; x_wconf 85' lang='lat' dir='ltr'><strong>vasa</strong></span> <span class='ocrx_word' id='word_1_128' title='bbox 1070 3859 1301 3969; x_wconf 84' lang='lat' dir='ltr'><strong>rationem</strong></span> <span class='ocrx_word' id='word_1_129' title='bbox 1323 3864 1353 3970; x_wconf 76' lang='lat'><strong>!¹</strong></span> <span class='ocrx_word' id='word_1_130' title='bbox 1385 3858 1565 3960; x_wconf 84' lang='lat' dir='ltr'><strong>Docuit</strong></span> <span class='ocrx_word' id='word_1_131' title='bbox 1600 3831 1886 3957; x_wconf 27' lang='lat' dir='ltr'><strong>messattenta</strong></span> 
     </span>
     <span class='ocr_line' id='line_1_21' title="bbox 384 4012 1887 4136; baseline -0.001 -28"><span class='ocrx_word' id='word_1_132' title='bbox 384 4044 635 4114; x_wconf 80' lang='lat' dir='ltr'><strong>nervorum</strong></span> <span class='ocrx_word' id='word_1_133' title='bbox 664 4012 1045 4114; x_wconf 88' lang='lat' dir='ltr'><strong>abdominalinm</strong></span> <span class='ocrx_word' id='word_1_134' title='bbox 1076 4014 1363 4136; x_wconf 84' lang='lat' dir='ltr'><strong>disquisitio,</strong></span> <span class='ocrx_word' id='word_1_135' title='bbox 1393 4014 1887 4106; x_wconf 81' lang='lat' dir='ltr'><strong>discrimcninteressc</strong></span> 
     </span>
     <span class='ocr_line' id='line_1_22' title="bbox 384 4143 1823 4296; baseline -0.001 -32"><span class='ocrx_word' id='word_1_136' title='bbox 384 4168 510 4264; x_wconf 86' lang='lat' dir='ltr'><strong>inter</strong></span> <span class='ocrx_word' id='word_1_137' title='bbox 528 4167 746 4296; x_wconf 83' lang='lat' dir='ltr'><strong>singulos</strong></span> <span class='ocrx_word' id='word_1_138' title='bbox 772 4167 935 4296; x_wconf 87' lang='lat' dir='ltr'><strong>plexus</strong></span> <span class='ocrx_word' id='word_1_139' title='bbox 964 4202 991 4260; x_wconf 90' lang='lat' dir='ltr'><strong>e</strong></span> <span class='ocrx_word' id='word_1_140' title='bbox 1016 4167 1209 4296; x_wconf 82' lang='lat' dir='ltr'><strong>gangliis</strong></span> <span class='ocrx_word' id='word_1_141' title='bbox 1227 4167 1608 4277; x_wconf 74' lang='lat' dir='ltr'><strong>¹semilunaribus</strong></span> <span class='ocrx_word' id='word_1_142' title='bbox 1640 4143 1823 4264; x_wconf 51' lang='lat' dir='ltr'><strong>enatos,</strong></span> 
     </span>
     <span class='ocr_line' id='line_1_23' title="bbox 384 4303 2034 4456; baseline 0.001 -38"><span class='ocrx_word' id='word_1_143' title='bbox 384 4303 385 4308; x_wconf 8' lang='grc' dir='ltr'><strong><em>Ν</em></strong></span> <span class='ocrx_word' id='word_1_144' title='bbox 454 4322 620 4430; x_wconf 85' lang='lat' dir='ltr'><strong>Plcxus</strong></span> <span class='ocrx_word' id='word_1_145' title='bbox 636 4325 949 4420; x_wconf 86' lang='lat' dir='ltr'><strong>stomachicus</strong></span> <span class='ocrx_word' id='word_1_146' title='bbox 966 4323 1170 4417; x_wconf 82' lang='lat' dir='ltr'><strong>differta</strong></span> <span class='ocrx_word' id='word_1_147' title='bbox 1196 4323 1733 4450; x_wconf 72' lang='lat' dir='ltr'><strong>plexu&#39;hepaticotrami</strong></span> <span class='ocrx_word' id='word_1_148' title='bbox 1754 4325 1902 4430; x_wconf 85' lang='lat' dir='ltr'><strong>euim</strong></span> <span class='ocrx_word' id='word_1_149' title='bbox 2031 4451 2034 4456; x_wconf 20' lang='grc' dir='ltr'>Ι</span> 
     </span>
     <span class='ocr_line' id='line_1_24' title="bbox 385 4476 1884 4606; baseline 0.001 -34"><span class='ocrx_word' id='word_1_150' title='bbox 385 4476 517 4572; x_wconf 84' lang='lat' dir='ltr'><strong>istius</strong></span> <span class='ocrx_word' id='word_1_151' title='bbox 534 4500 649 4577; x_wconf 90' lang='lat' dir='ltr'><strong>sunt</strong></span> <span class='ocrx_word' id='word_1_152' title='bbox 675 4478 796 4592; x_wconf 89' lang='lat' dir='ltr'><strong>albi,</strong></span> <span class='ocrx_word' id='word_1_153' title='bbox 825 4478 1140 4606; x_wconf 84' lang='lat' dir='ltr'><strong>splendentes,</strong></span> <span class='ocrx_word' id='word_1_154' title='bbox 1170 4476 1319 4594; x_wconf 89' lang='lat' dir='ltr'><strong>firmi,</strong></span> <span class='ocrx_word' id='word_1_155' title='bbox 1336 4479 1502 4598; x_wconf 64' lang='lat' dir='ltr'><strong>‚conici</strong></span> <span class='ocrx_word' id='word_1_156' title='bbox 1515 4479 1703 4606; x_wconf 80' lang='lat' dir='ltr'><strong>;·hujus</strong></span> <span class='ocrx_word' id='word_1_157' title='bbox 1723 4501 1884 4585; x_wconf 78' lang='lat' dir='ltr'><strong>autern</strong></span> 
     </span>
     <span class='ocr_line' id='line_1_25' title="bbox 383 4632 1239 4764; baseline -0.005 -34"><span class='ocrx_word' id='word_1_158' title='bbox 383 4633 528 4760; x_wconf 85' lang='lat' dir='ltr'><strong>magis</strong></span> <span class='ocrx_word' id='word_1_159' title='bbox 560 4632 716 4748; x_wconf 89' lang='lat' dir='ltr'><strong>rubri,</strong></span> <span class='ocrx_word' id='word_1_160' title='bbox 747 4637 947 4750; x_wconf 93' lang='lat' dir='ltr'><strong>succosi,</strong></span> <span class='ocrx_word' id='word_1_161' title='bbox 965 4635 1239 4764; x_wconf 63' lang='lat' dir='ltr'><strong>‚cylindrici</strong></span> 
     </span>
    </p>

    <p class='ocr_par' dir='ltr' id='par_1_8' title="bbox 385 4788 1945 5080">
     <span class='ocr_line' id='line_1_26' title="bbox 456 4788 1887 4918; baseline 0.001 -36"><span class='ocrx_word' id='word_1_162' title='bbox 456 4788 622 4910; x_wconf 87' lang='lat' dir='ltr'><strong>Plexu&#39;s</strong></span> <span class='ocrx_word' id='word_1_163' title='bbox 647 4789 881 4916; x_wconf 87' lang='lat' dir='ltr'><strong>splenleus</strong></span> <span class='ocrx_word' id='word_1_164' title='bbox 901 4825 1013 4886; x_wconf 87' lang='lat' dir='ltr'><strong>cum</strong></span> <span class='ocrx_word' id='word_1_165' title='bbox 1041 4791 1327 4908; x_wconf 88' lang='lat' dir='ltr'><strong>stomachico</strong></span> <span class='ocrx_word' id='word_1_166' title='bbox 1356 4792 1500 4918; x_wconf 84' lang='lat' dir='ltr'><strong>magis</strong></span> <span class='ocrx_word' id='word_1_167' title='bbox 1527 4791 1769 4900; x_wconf 70' lang='lat' dir='ltr'><strong>conuenit,</strong></span> <span class='ocrx_word' id='word_1_168' title='bbox 1795 4791 1887 4884; x_wconf 69' lang='lat' dir='ltr'><strong>Hc</strong></span> 
     </span>
     <span class='ocr_line' id='line_1_27' title="bbox 385 4921 1945 5080; baseline 0.006 -40"><span class='ocrx_word' id='word_1_169' title='bbox 385 4975 494 5040; x_wconf 86' lang='lat' dir='ltr'><strong>rum</strong></span> <span class='ocrx_word' id='word_1_170' title='bbox 520 4943 747 5076; x_wconf 86' lang='lat' dir='ltr'><strong>plexuum</strong></span> <span class='ocrx_word' id='word_1_171' title='bbox 775 4921 948 5044; x_wconf 90' lang='lat' dir='ltr'><strong>ramuli</strong></span> <span class='ocrx_word' id='word_1_172' title='bbox 973 4950 1163 5060; x_wconf 82' lang='lat' dir='ltr'><strong>arterias</strong></span> <span class='ocrx_word' id='word_1_173' title='bbox 1189 4948 1384 5072; x_wconf 89' lang='lat' dir='ltr'><strong>quidem</strong></span> <span class='ocrx_word' id='word_1_174' title='bbox 1407 4945 1782 5080; x_wconf 70' lang='lat' dir='ltr'><strong>amplectuntur,</strong></span> <span class='ocrx_word' id='word_1_175' title='bbox 1807 4949 1904 5058; x_wconf 72' lang='lat' dir='ltr'><strong>sed,</strong></span> <span class='ocrx_word' id='word_1_176' title='bbox 1943 4959 1945 4966; x_wconf 80' lang='grc'><strong>’</strong></span> 
     </span>
    </p>
   </div>
   <div class='ocr_carea' id='block_1_2' title="bbox 431 5279 924 5374">
    <p class='ocr_par' dir='ltr' id='par_1_9' title="bbox 431 5279 924 5374">
     <span class='ocr_line' id='line_1_28' title="bbox 431 5279 924 5374; baseline 0.014 -29"><span class='ocrx_word' id='word_1_177' title='bbox 431 5283 442 5312; x_wconf 82' lang='lat'><strong>¹</strong></span> <span class='ocrx_word' id='word_1_178' title='bbox 466 5279 714 5374; x_wconf 79' lang='lat' dir='ltr'><strong>Soemmering,</strong></span> <span class='ocrx_word' id='word_1_179' title='bbox 736 5285 924 5352; x_wconf 76' lang='lat' dir='ltr'><strong>Belrende.</strong></span> 
     </span>
    </p>
   </div>
   <div class='ocr_carea' id='block_1_3' title="bbox 0 0 2544 6805">
    <p class='ocr_par' dir='ltr' id='par_1_10' title="bbox 0 0 2544 6805">
     <span class='ocr_line' id='line_1_29' title="bbox 0 0 2544 6805; baseline 0 0"><span class='ocrx_word' id='word_1_180' title='bbox 0 0 2544 6805; x_wconf 95' lang='lat' dir='ltr'><strong> </strong></span> 
     </span>
    </p>
   </div>
  </div>
 </body>
</html>
