5080 6812
1355 627 1422 748 64

636 843 951 975 gangliorum,
965 879 991 942 a
1005 831 1189 976 ganglio
1207 846 1416 940 cervicali
1435 842 1661 972 superiori
1681 845 1904 969 usquead
1921 847 2141 976 ganglion

598 979 603 987 Ι
640 1003 931 1096 thoracicum
957 1001 1222 1126 quartum.¹
1254 1001 1434 1094 Eodem
1462 1003 1604 1094 modo
1630 1001 1811 1130 ganglia
1838 1001 2144 1096 semilunaria

642 1145 837 1284 repetita
868 1157 965 1249 vice
995 1157 1194 1248 rimatus
1222 1153 1372 1248 sum.²

713 1314 813 1406 Hac
840 1313 1020 1404 ratione
1038 1312 1264 1437 comperi,
1289 1311 1469 1439 ganglia
1492 1343 1593 1428 non
1611 1311 1818 1438 ejusdem
1841 1345 1933 1406 esse
1953 1311 2148 1425 indolis,

641 1468 771 1591 quod
805 1468 976 1561 attinet
1012 1467 1072 1560 ad
1110 1467 1370 1559 eorundem
1402 1465 1631 1584 colorem,
1666 1469 1946 1561 densitatem
1978 1498 2030 1558 ac
2062 1468 2150 1559 du-

640 1623 810 1716 ritiem.

717 1775 958 1908 Ganglion
995 1775 1220 1875 cervicale
1242 1781 1455 1910 primum
1491 1779 1823 1874 mollissimum
1856 1778 1977 1886 mibi
2009 1810 2151 1904 appa-

643 1934 739 2027 ruit
779 1935 1025 2049 omnium,
1068 1957 1213 2058 atque
1253 1937 1456 2029 maxime
1493 1969 1769 2048 succesum,
1802 1958 1849 2027 et
1888 1933 2052 2026 coloris
2093 1955 2153 2024 ut

642 2088 909 2218 plurimum
930 2088 1060 2181 rubri
1082 2091 1275 2199 cinerei3
1297 2122 1551 2214 nunquam
1572 2091 1884 2184 foraminibus
1900 2112 2151 2215 pertusum

645 2277 798 2370 neque
828 2245 1101 2372 plexiforme
1130 2279 1222 2339 sose
1249 2247 1463 2372 praebuit.
1893 2359 1897 2367 ,

720 2396 961 2529 Gonglion
997 2395 1287 2494 thoracleam
1313 2403 1526 2532 primum
1558 2401 1785 2528 majorem
1812 2433 1993 2527 semper
2025 2399 2153 2491 duri-

646 2557 761 2651 tiem
789 2555 1018 2665 ostendit3
1046 2557 1139 2649 suit
1169 2558 1330 2650 minus
1354 2558 1635 2684 pulposum,
1659 2557 1824 2651 coloris
1847 2557 2008 2648 minus
2029 2558 2157 2647 cine-

647 2713 736 2828 rei,
767 2744 853 2804 nec
878 2712 1042 2803 codem
1071 2713 1214 2804 modo
1239 2712 1383 2806 rubri.
1415 2713 1579 2806 Minus
1606 2713 1862 2805 constantis
1886 2733 1953 2806 est
1974 2709 2150 2839 figurae,

648 2861 720 2960 uti
757 2867 855 2994 jam
891 2865 1104 2992 superius
1143 2867 1264 2978 dixi;
1304 2868 1547 2961 interdum
1587 2899 1779 2991 quoque
1813 2867 2045 2962 foramine
2084 2886 2155 2958 est

647 3011 906 3152 pertusiam.

726 3158 944 3307 Gonglia.
968 3175 1297 3295 sernilunaria,
1333 3184 1555 3292 omnium
1578 3183 1862 3296 durissima,
1894 3176 2049 3308 figurae
2085 3179 2153 3271 in·
2201 3271 2206 3280 ,

530 3431 535 3442 ,
649 3335 935 3456 constantis,
991 3336 1363 3464 frequentissime
1408 3338 1723 3460 foraminibus
1769 3337 1962 3463 praedita
2004 3354 2153 3448 sunt,

651 3522 748 3615 quo
771 3483 1042 3583 insularum
1067 3493 1304 3618 specimen
1332 3493 1569 3586 exhibent.
1608 3493 1829 3586 Eundem
1857 3491 1986 3583 intus
2006 3513 2155 3582 osten·

652 3647 777 3740 dunt
804 3645 1027 3761 colorem,
1055 3679 1108 3738 ac
1136 3649 1256 3742 cutis
1288 3649 1526 3765 humana,
1555 3648 1627 3742 vel
1657 3644 1889 3777 glandulae
1922 3643 2186 3759 salivales,·

653 3802 707 3893 in
731 3821 858 3893 statu
889 3833 1003 3894 sano
1041 3803 1349 3897 consideratae.

724 3961 771 4076 §t
798 3954 879 4071 84.
924 3958 1160 4080 Equidem
1199 3929 1345 4088 reperi
1388 3963 1440 4054 in
1483 3961 1708 4054 omnibus
1737 3956 1931 4087 gangliis
1960 3985 2157 4094 succum

654 4112 820 4214 istum,
838 4109 1180 4240 gelatinosum,
1223 4117 1283 4208 'de
1321 4150 1417 4240 quo
1457 4116 1643 4209 locutus
1684 4137 1751 4208 est
1788 4112 1976 4240 Scorpo
1986 4150 2004 4217 ;
2045 4141 2161 4202 eun·

656 4269 860 4390 demque
889 4269 1191 4394 copiosiorem
1217 4245 1448 4366 observavi
1478 4273 1529 4366 in
1550 4267 1848 4368 cadaveribus
1873 4265 2161 4398 hydropicis,

659 4453 912 4545 nunquam
935 4457 1042 4516 vero
1061 4425 1269 4520 oleosum
1291 4462 1372 4522 seu
1395 4429 1655 4556 adiposum.
1685 4425 1996 4550 Frequentior
2014 4421 2160 4515 etiam
2222 4491 2228 4502 .

658 4578 786 4672 adest
817 4579 869 4670 in
898 4578 1169 4720 junioribus
1198 4582 1507 4679 hominibus:
1535 4618 1632 4709 quo
1668 4580 1745 4699 fit,
1778 4605 1833 4674 ut
1865 4577 2047 4710 ganglia
2078 4572 2162 4666 ali-

709 4895 718 4925 ¹
742 4894 873 4958 Tabula
897 4899 1047 4962 secunda
1064 4899 1154 4965 bano
1171 4903 1454 4987 preparationem
1472 4903 1620 4969 ostendit
1638 4921 1704 4988 ope
1722 4895 1944 4982 microscopii
1959 4893 2014 4960 his
2029 4889 2163 4977 magni·

658 5007 777 5072 tudine
803 5019 947 5074 auctam.

703 5125 715 5153 ³
738 5119 877 5188 Tabula
897 5125 1003 5192 tertia
1024 5125 1135 5214 figura
1152 5135 1299 5196 seorrnda
1316 5134 1482 5221 ganglion
1497 5133 1704 5199 semilunare
1724 5131 1941 5214 representat
1962 5121 2166 5206 dissectum,

657 5238 862 5324 resolutum,
884 5241 949 5304 sub
972 5242 1202 5331 microscopio
1224 5247 1368 5332 pictum.
