5076 6816
1067 695 1160 794 135

352 938 449 1009 tem
471 917 679 1011 subitam
700 919 867 1011 statuit
884 951 910 1010 a
930 919 1251 1020 commotione
1269 949 1521 1012 nervorum
1541 919 1861 1012 mesenterico

352 1106 461 1164 rum
486 1073 672 1199 (plexus
691 1073 876 1192 solaris)
900 1075 1009 1166 oriri
1023 1107 1171 1200 posse,
1189 1073 1323 1166 nulla
1341 1075 1523 1168 laesione
1535 1075 1781 1168 manifesta
1805 1077 1857 1168 in

350 1227 443 1319 illis
465 1229 731 1358 detegenda.
761 1227 826 1348 4⁰
841 1231 1098 1324 Detonatio
1121 1230 1331 1323 electrica
1354 1232 1405 1324 in
1423 1232 1658 1324 abdomen
1681 1232 1855 1356 directa

349 1407 552 1478 mortem
578 1388 660 1478 dat
680 1389 1042 1480 instantaneam.
1073 1386 1241 1484 Narrat
1265 1413 1369 1478 eam
1391 1419 1490 1480 rem
1518 1388 1857 1508 illustrissimus

348 1535 659 1657 Humboldt¹,
694 1544 778 1666 qui
807 1543 933 1656 testis
964 1565 1159 1668 autopta
1192 1565 1441 1670 gymnotos
1473 1544 1706 1636 electrices
1735 1543 1854 1636 vidit

345 1695 435 1787 sub
454 1697 691 1790 abdomen
712 1726 946 1822 equorum
965 1721 1108 1820 atque
1132 1697 1378 1810 mulorum
1395 1683 1678 1812 subductos·
1693 1731 1746 1790 ac
1770 1727 1854 1826 per

344 1850 553 1944 subitam
582 1853 718 1947 fluidi
745 1852 945 1947 electrioi
970 1854 1267 1946 emissionem
1288 1853 1374 1946 ista
1397 1853 1623 1946 animalia
1638 1855 1733 1946 vita
1752 1887 1853 1980 spo

344 2005 525 2101 liantes.
564 2005 630 2102 5.⁰
656 2009 937 2107 Retrocessio
965 2007 1305 2102 exanthematis
1331 2010 1545 2125 miliaris,
1577 2044 1673 2134 qua
1691 2013 1850 2139 aegroti

345 2162 471 2256 inter
503 2165 745 2260 saevissima
774 2186 1116 2295 symptomata,
1146 2167 1433 2258 anxietatem
1466 2161 1699 2260 nimirum
1738 2165 1851 2260 inei-

344 2317 556 2435 fabilem,
579 2321 762 2416 asthma
785 2319 1041 2436 suffocans,
1060 2343 1166 2435 eta,
1188 2344 1380 2446 repente
1406 2321 1705 2449 jugulantur,
1734 2325 1849 2416 intc-

343 2498 520 2568 merata
549 2479 743 2601 quidem
764 2457 936 2570 cerebri
959 2477 1226 2590 functione,
1253 2479 1349 2570 vim
1371 2475 1491 2570 mibi
1522 2480 1849 2572 demonstrant

340 2628 498 2755 plexui
516 2634 655 2726 solari
680 2634 881 2747 illatam,
899 2654 945 2726 et
964 2662 1105 2726 nervo
1123 2665 1255 2760 vago,
1278 2633 1448 2726 intime
1464 2663 1574 2725 oum
1590 2663 1644 2728 eo
1660 2636 1846 2762 juncto,

342 2815 446 2906 quae
463 2788 567 2882 vitae
581 2790 919 2902 extinctionem
942 2789 993 2880 in
1015 2788 1112 2882 istis
1129 2788 1280 2880 nervis
1301 2810 1408 2915 post
1422 2789 1653 2902 setrahit,
1675 2819 1846 2920 magno

340 2925 465 3035 cum
493 2943 597 3069 jure
631 2939 892 3075 paralysin
932 2943 1004 3037 vel
1042 2939 1350 3076 apoplexiam
1383 2938 1732 3037 abdomiaalem
1773 2981 1849 3040 vo-

340 3101 556 3192 candam.
1826 3217 1828 3222 ἲ

410 3260 450 3375 5.
473 3264 583 3372 124.
611 3255 943 3350 Convertimus
969 3289 1055 3350 nos
1074 3259 1134 3353 ad
1157 3257 1346 3350 morbos
1368 3256 1705 3385 sympathiam,
1733 3289 1846 3382 quo-

339 3444 448 3514 rum
482 3413 589 3504 fons
618 3433 762 3534 atque
793 3412 920 3506 sedes
954 3414 1005 3504 in
1038 3413 1295 3505 abdomine
1326 3413 1490 3504 existit.
1757 3410 1779 3520 J

374 3663 378 3674 ,
410 3569 670 3660 innumera
690 3591 805 3661 sunt
828 3590 1165 3697 symptomata,
1196 3549 1320 3694 quae,
1344 3589 1525 3694 quanta
1543 3569 1605 3660 sit
1630 3571 1754 3660 inter
1776 3601 1845 3661 ca-

335 3745 427 3850 put
450 3744 497 3815 et
526 3725 611 3817 irni
641 3725 815 3818 ventris
843 3727 1011 3817 viscera
1037 3725 1344 3851 conspirati0,
1373 3737 1531 3850 aperto
1560 3727 1843 3836 ostendunt:

335 3877 540 3972 millenae
566 3882 696 3974 enim
727 3881 1067 3974 observationes
1096 3882 1291 3993 docent,
1316 3879 1503 3972 nullam
1526 3879 1842 4000 affectionem,

198 4015 201 4022 ’
333 4035 426 4166 sive
446 4036 768 4164 dynamicam,
788 4037 891 4131 sive·
909 4039 1197 4166 organicam,
1219 4038 1457 4130 dictorum
1481 4021 1709 4130 viscerum
1729 4069 1840 4154 esse,

335 4223 439 4314 quae
463 4223 563 4284 non
589 4192 849 4316 aliquando
883 4216 1026 4319 caput
1056 4194 1108 4285 in
1141 4225 1421 4287 consensum
1450 4194 1653 4286 duxerit·

404 4352 446 4467 ς.
464 4342 574 4439 125.
594 4339 1075 4476 Hypochondriac'um
1093 4371 1237 4473 atque
1252 4348 1538 4478 hystoricum
1554 4348 1760 4465 malum,
1781 4351 1840 4444 de

333 4535 430 4626 quo
456 4503 555 4629 jam
578 4504 778 4632 egimus,
808 4531 1128 4633 saepenumero
1154 4501 1493 4598 hemicranium
1520 4507 1705 4620 excitat,
1733 4536 1837 4629 quae

333 4691 434 4751 non
458 4693 562 4754 raro
585 4661 636 4752 in
649 4661 946 4782 vehementes
964 4664 1174 4791 accipitis
1190 4663 1370 4756 dolores
1386 4684 1432 4754 et
1443 4687 1647 4788 spasmos
1665 4664 1723 4755 ad
1746 4697 1841 4767 cerff

329 4815 479 4928 vicem
504 4839 552 4910 et
573 4817 785 4945 scapulos
812 4841 1054 4945 protensos
1072 4821 1260 4934 transit,
1283 4818 1354 4936 rel
1378 4818 1461 4911 ubi
1492 4818 1656 4912 oculus
1680 4817 1832 4913 affecti

329 4969 486 5110 lateris
518 4997 700 5090 tumet,
729 4974 1026 5102 splendorem
1055 4957 1254 5089 amittit,
1287 4975 1412 5067 intra
1449 4975 1653 5067 orbitam
1685 4949 1834 5104 depri-

376 5205 385 5234 ¹
411 5203 658 5272 observatione
679 5227 743 5273 sur·
763 5205 949 5302 i'anguille
966 5205 1162 5293 electrique.
1192 5204 1341 5274 Recueil
1357 5204 1629 5274 &observatione
1649 5210 1692 5273 de
1709 5211 1832 5275 zoola-

323 5311 384 5408 gie
405 5329 441 5384 et
459 5318 675 5389 d'aaatomie
693 5331 894 5408 comparer,
924 5332 1006 5390 tom.
1032 5347 1067 5410 1,
1088 5347 1126 5408 p.
1152 5328 1205 5390 56.
