5076 6816
1397 651 1492 738 130

685 895 766 954 seu
786 892 1017 992 syncopen
1034 861 1298 990 anginam,
1324 884 1468 955 notus
1486 883 1572 977 est,
1596 862 1649 954 in
1670 861 1919 974 affectione
1942 863 2198 968 nervorum

685 1020 1029 1134 cardiacorum,
1047 1041 1094 1112 et
1109 1021 1297 1112 sortasse
1307 1018 1914 1145 pulmonalium,constare
1934 1024 2056 1116 mibi
2077 1029 2199 1120 vide

686 1195 768 1267 tur
793 1176 1039 1270 essentiali.
1067 1175 1206 1270 saevit
1220 1177 1305 1268 iste
1323 1176 1374 1267 in
1389 1177 1588 1303 pectoris
1607 1207 1799 1306 organa;
1822 1181 1976 1272 oritur
1994 1181 2198 1278 thoracis

685 1332 977 1447 constrictio,
1008 1333 1258 1426 acerrimos
1283 1329 1464 1426 dolores
1494 1365 1682 1451 creans,
1719 1367 1850 1457 quae,
1885 1336 2196 1432 directionem

684 1509 994 1581 transversam
1024 1513 1210 1602 secuta,
1238 1491 1290 1582 in
1313 1489 1517 1582 brachiis
1542 1487 1737 1620 finitur,
1768 1513 1815 1584 et
1840 1494 2018 1620 aegrotis
2044 1473 2218 1589 anxie-⁶

685 1645 796 1737 tatis
821 1678 1012 1739 sensum
1035 1648 1210 1773 praebet
1243 1677 1344 1738 non
1376 1648 1752 1772 exprimendum.
1792 1649 2021 1766 Insultus,
2053 1653 2138 1774 qui
2167 1685 2195 1744 a

685 1823 825 1895 motu
857 1804 1062 1929 corporis
1097 1802 1367 1917 nimio,.ab
1400 1789 1741 1897 alimentorum
1773 1805 1949 1920 abusu,
1991 1840 2018 1896 a
2053 1830 2197 1932 potus

553 1999 563 2020 ·
682 1939 922 2083 spirituosi
954 1960 1341 2088 ingurgitatione,
1368 1981 1415 2051 et
1440 1960 1740 2085 potissimum
1767 1961 1828 2051 ab
1854 1962 2006 2054 animi
2035 1963 2197 2089 pathe-

684 2115 894 2242 matibus
931 2105 1123 2242 repente
1158 2117 1447 2231 excitantur,
1486 2101 1571 2242 per
1606 2117 1951 2209 eructationem
1987 2119 2194 2212 flatuum

659 2271 922 2407 ¹copiosam
947 2271 1201 2365 solvuntur
1228 2311 1240 2363 ι
1270 2303 1368 2394 quo
1396 2270 1709 2364 confirmatur
1739 2273 1921 2366 theoria
1949 2307 2096 2399 quam
2121 2309 2196 2368 su·

680 2429 839 2554 perius
876 2427 1003 2556 (pag.
1034 2407 1171 2547 raa)
1213 2428 1271 2520 dc
1313 2426 1556 2554 nerralgiis
1595 2431 1817 2554 exposui,
1855 2433 2193 2555 pneumatosin

682 2606 953 2682 constanter
976 2585 1362 2712 producentibus.
1392 2583 1637 2698 Ceterum,
1656 2619 1802 2678 causae
1823 2588 1977 2678 morbi
2000 2591 2195 2680 occasio

679 2740 836 2858 nales,
857 2763 965 2834 tum
985 2763 1033 2834 et
1052 2741 1315 2870 paroxysmi
1336 2739 1545 2867 ejusdem
1569 2741 1831 2856 subitanei,
1850 2742 2195 2838 evidentissime

680 2899 947 3025 passionem
981 2897 1284 3026 dynamicam
1322 2927 1574 2989 nervorum
1612 2897 1864 2990 declarant.
1902 2901 2026 2991 Rene
2058 2901 2192 3014 novi,

682 3055 735 3147 in
763 3054 1062 3149 cadaveribus
1086 3054 1147 3146 ab
1174 3053 1265 3145 hoc
1288 3053 1457 3146 morbo
1482 3054 1800 3147 extinctorum
1831 3052 2194 3149 incrustationes

682 3211 886 3304 inveniri
911 3244 1055 3304 osseas
1080 3211 1130 3302 in
1160 3209 1421 3337 originibus
1443 3210 1619 3301 arteriae
1647 3231 1787 3302 aortae
1813 3230 1861 3304 ct
1879 3211 2192 3338 pulmonalis‚

602 3491 605 3498 Ι
682 3367 735 3461 in
755 3367 951 3460 valvulis
976 3366 1368 3481 semilunaribus,
1393 3365 1445 3458 in
1470 3363 1654 3457 annulo
1674 3364 1869 3481 calloso,
1901 3368 1986 3490 qui
2023 3351 2193 3460 cavum

680 3525 1056 3620 ventriculorum
1085 3557 1111 3616 a
1142 3556 1255 3616 cavo
1284 3505 1608 3618 auricularum
1641 3543 1847 3649 separat,
1878 3545 1926 3614 ct
1948 3525 2113 3649 saepius
2140 3525 2191 3615 in

682 3649 962 3777 arteriarum
988 3655 1342 3774 coronariarum
1366 3679 1552 3770 tunicis.
1574 3677 1686 3793 Sed,
1706 3712 1784 3770 me
1802 3679 1997 3802 quidem
2015 3679 2191 3805 judice,

682 3809 831 3932 baeccc
845 3839 1158 3968 phaenomena
1176 3834 1369 3930 affectus
1387 3855 1580 3928 tantum
1594 3817 1727 3950 sunt,
1746 3836 2029 3960 neutiquam
2046 3867 2193 3928 causae

683 3996 863 4106 morbi;
899 3995 1077 4122 quippe
1098 4026 1203 4118 quae
1230 3994 1281 4084 in
1306 3989 1472 4084 multis
1498 3991 1799 4083 cadaveribus
1823 4013 2081 4084 occurrunt
2111 3991 2193 4084 ho·

682 4155 897 4267 minum,
930 4153 1015 4276 qui
1051 4149 1188 4244 nullo
1219 4149 1364 4241 modo
1399 4147 1582 4274 anginae
1610 4148 1811 4275 pectoris
1840 4145 2191 4282 occubuerunt,

684 4345 772 4406 nec
816 4341 1035 4433 unquam
1085 4307 1296 4433 ejusdem
1328 4305 1447 4433 passi
1495 4326 1631 4398 erant
1670 4302 1887 4396 insultus.
1945 4303 2041 4398 Ubi
2083 4335 2191 4397 vero

684 4469 858 4560 adsunt
894 4467 989 4558 istac
1018 4461 1350 4558 ossificationes
1390 4461 1443 4552 in
1479 4483 1639 4553 nostro
1676 4461 1843 4552 morbo
1859 4529 1884 4578 ,⁸
1915 4491 2079 4552 earum
2112 4491 2193 4586 pa-

684 4624 957 4752 thogenesin
994 4622 1116 4716 bene
1151 4619 1481 4748 perspicimus,
1527 4618 1579 4709 in
1615 4639 1826 4710 mentem
1863 4637 2074 4708 revocato
2106 4617 2191 4708 im·

683 4783 840 4910 perio,
880 4779 1009 4903 quod
1043 4799 1257 4873 exercent
1285 4775 1416 4868 nervi
1451 4774 1661 4912 invasa,
1701 4773 1877 4896 quibus
1912 4771 2191 4870 nutritionis

685 4939 928 5066 negotium
948 4936 1309 5072 demandatum
1338 4953 1433 5025 est:
1459 4929 1636 5024 surculi
1667 4930 1800 5023 enim
1828 4929 1983 5022 nervei
2016 4927 2068 5019 in
2096 4949 2191 5020 rete

683 5092 903 5223 capillarc
940 5114 1115 5222 agunt,
1159 5113 1303 5216 atque
1339 5088 1548 5215 ejusdem
1588 5087 1886 5184 functionem
1926 5082 2190 5191 extollunt;

685 5287 783 5380 quo
814 5253 958 5376 facto,
991 5248 1083 5342 hoc
1113 5248 1228 5341 citra
1265 5277 1485 5339 normam
1519 5243 1785 5342 naturalem
1815 5241 2018 5404 laborgt,
2048 5262 2192 5366 atque
