5076 6816
1397 740 1491 803 112

692 931 1049 1043 intestinorum,
1069 948 1155 1018 etc.
1183 919 1392 1020 Deficere
1413 922 1594 1052 possint
1615 922 1711 1016 haec
1736 923 1928 1040 viscera,
1952 927 2197 1056 encephsli

692 1071 880 1180 influxu
921 1086 974 1179 iu
1004 1083 1197 1213 plexum
1228 1082 1433 1177 ‘solarem
1476 1112 1631 1206 neque
1658 1081 1879 1200 sublato,
1904 1117 2071 1210 neque
2104 1079 2202 1180 tur-

689 1243 816 1338 bato.
933 1287 971 1292 ·‘
1042 1295 1049 1310 ·

718 1385 725 1398 ⁶
766 1401 1073 1526 Quocunque
1109 1420 1270 1492 autem
1300 1396 1444 1490 modo
1485 1395 1614 1490 nervi
1647 1391 1916 1491 abdominis
1954 1397 2203 1493 irritentur

694 1556 926 1678 inanimi
958 1554 1332 1685 pathcmatibus,
1368 1585 1550 1680 semper
1586 1552 1700 1644 huie
1735 1553 1987 1646 irritationi
2022 1579 2208 1649 antece·

694 1712 802 1806 dere
826 1714 964 1806 debet
988 1711 1153 1839 praevia
1178 1712 1229 1803 in
1253 1710 1428 1804 cerebri
1446 1709 1658 1802 sensatio.
1696 1709 2041 1815 Mensexcitari
2063 1711 2203 1805 debet

646 1967 651 1978 ,
695 1903 783 1996 ope
811 1899 1062 1978 sensuum;
1099 1867 1201 1960 idea
1239 1865 1448 1959 nascitur
1481 1866 1533 1958 in
1562 1865 1766 1958 sensorio
1797 1865 2044 1958 communi
2068 1906 2080 1957 ε
2104 1866 2202 1960 haec

695 2025 1009 2151 dijudicatur,
1048 2011 1114 2116 an
1152 2044 1280 2151 grata
1319 2022 1380 2116 sit
1413 2021 1485 2115 vel
1516 2022 1723 2149 ingrata,
1760 2044 1809 2115 et
1848 2044 1966 2115 tunc
2004 2022 2200 2115 demum
2302 2143 2308 2156 „

695 2179 878 2272 affectio
910 2180 961 2271 in
1006 2211 1170 2274 nervos
1198 2177 1523 2272 abdomiuales
1555 2177 1779 2290 incurrit,
1818 2178 1901 2300 qui
1930 2210 2015 2271 nec
2047 2177 2200 2271 ideam

693 2336 1005 2464 percipiunt,
1050 2367 1139 2428 nec
1173 2334 1305 2427 illam
1344 2333 1601 2460 dijudicare
1634 2354 1845 2460 possunt.
1898 2333 2025 2426 Hinc
2054 2333 2201 2426 homo

697 2477 971 2608 imbecillis,
1012 2492 1186 2607 idiota,
1231 2491 1314 2614 qui
1358 2491 1506 2584 vitam
1550 2490 1673 2618 degit
1713 2523 1839 2582 mere
1876 2491 2202 2619 vegetativam,

697 2650 848 2740 enimi
868 2647 1139 2775 patbemate
1161 2647 1354 2776 ignorat.
1389 2646 1599 2776 Systema
1625 2647 1833 2772 ejusdem
1858 2678 2105 2741 nervosum
2126 2647 2204 2739 ab

698 2804 940 2898 dominale
960 2828 1124 2898 manet
1146 2797 1488 2927 tranquillum
1510 2829 1558 2898 et
1578 2804 1634 2896 iis
1653 2804 1953 2898 solummodo
1973 2803 2205 2899 obnoxius

698 2975 767 3054 est
791 2961 875 3054 iste
893 2960 1039 3053 homo
1058 2959 1302 3056 affectibus
1326 2961 1521 3077 mentis,
1543 2962 1628 3085 qui
1648 2962 1707 3054 ad
1724 2963 1960 3089 appetitus
1977 2958 2206 3053 animales

697 3119 965 3246 pertinent:
987 3118 1161 3211 scilicet
1185 3141 1437 3245 propterea,
1451 3119 1581 3242 quod
1606 3117 1657 3211 in
1677 3117 1932 3245 encephalo
1962 3119 2072 3231 isto,
2092 3115 2211 3214 alias

699 3307 725 3367 a
760 3297 930 3368 natura
971 3273 1177 3403 neglecto
1213 3298 1357 3398 utque
1390 3275 1651 3389 inexcult0,
1691 3309 1742 3368 ea
1781 3299 1942 3368 temen
1973 3271 2204 3402 particule

698 3431 845 3559 riget,
869 3465 894 3523 e
919 3451 1014 3555 qua
1039 3463 1208 3523 nervus
1230 3463 1369 3558 vagus
1392 3453 1553 3524 ortum
1574 3430 1746 3546 trahit,
1768 3453 2007 3557 punctum
2030 3429 2205 3534 cerebri

700 3586 915 3702 illustre,
961 3578 1164 3680 'summae
1199 3586 1488 3701 nobilitatis,
1528 3619 1639 3679 usus
1679 3588 1897 3701 maximi,
1933 3588 2017 3680 ubi
2052 3619 2208 3679 revera

700 3745 856 3837 nodus
877 3744 1053 3858 existit,
1081 3743 1167 3868 qui
1191 3723 1339 3836 vitem
1360 3744 1661 3872 vegetativam
1687 3776 1796 3836 cum
1820 3745 2016 3838 animali
2046 3745 2207 3838 vincit

699 3901 768 3993 Ex
793 3933 847 3992 eo
876 3901 1050 3996 cerebri
1075 3900 1177 3994 loco
1201 3900 1616 3994 determinationes
1636 3899 2000 4028 proficiscuntur
2022 3903 2080 3996 ad
2098 3933 2207 4030 gam

698 4057 790 4187 glia
823 4057 1144 4153 abdominalia
1177 4058 1228 4150 in
1261 4057 1459 4152 homine
1492 4059 1715 4150 imbecilli
1750 4092 1880 4183 ecque
1919 4092 1972 4150 ac
2010 4059 2061 4151 in
2095 4092 2207 4183 qua-

701 4214 936 4340 drupede3
953 4207 1023 4306 'ad
1051 4247 1162 4308 eum
1190 4213 1346 4308 locum
1378 4237 1619 4308 revertunt
1650 4213 1994 4341 impressiones,
2023 4247 2128 4341 quae
2153 4216 2205 4306 in

699 4371 893 4500 gangliis
925 4393 1046 4463 natae
1078 4393 1221 4486 sunt,
1259 4372 1329 4465 vel
1362 4372 1470 4498 ipsis
1505 4373 1706 4487 traditae,
1741 4406 1768 4465 a
1798 4373 2048 4468 visceribus
2075 4393 2205 4502 grato

701 4526 772 4620 vel
803 4529 984 4656 ingrato
1016 4529 1159 4621 modo
1195 4526 1379 4622 affectis.
1416 4530 1514 4622 via·
1532 4562 1616 4657 per
1648 4563 1794 4656 quarn
1826 4530 1865 4623 it
1897 4553 1942 4624 et
1970 4531 2091 4624 redit
2122 4529 2207 4620 im-

700 4684 871 4810 pressio
910 4685 1190 4778 descendcns
1226 4684 1297 4778 vel
1332 4687 1614 4802 ascendens,
1665 4720 1764 4780 non
1801 4710 1869 4781 cst
1902 4684 2017 4801 alia,
2058 4717 2206 4810 quam

702 4839 839 4933 fascia
878 4841 956 4933 illa
992 4841 1331 4962 ebdominalis,
1365 4876 1447 4937 seu
1479 4877 1642 4938 ramus
1671 4845 2041 4938 arzastomotr'cus
2064 4837 2208 4934 abdc-

677 4992 1138 5128 'mino-eephulicus.
1185 4999 1275 5090 Hic
1307 4995 1432 5092 solus
1467 5023 1611 5123 atque
1646 4979 1789 5094 modo
1823 5032 1922 5094 non
1954 5034 1981 5093 a
2014 4997 2208 5130 gangliis

703 5155 969 5280 interrupto
1009 5155 1348 5247 commercium
1388 5151 1572 5282 perficit
1609 5157 1941 5250 immediatum
1980 5157 2104 5248 inter
2142 5186 2208 5245 ce·-

703 5312 894 5407 rebrum
928 5333 974 5407 et
1006 5312 1256 5408 abdomen.
1298 5312 1591 5432 Filumenta,
1629 5349 1654 5408 e
1683 5313 1824 5444 plexu
1844 5313 1983 5408 solari
2015 5314 2207 5426 educta,
