5080 6812
1073 718 1125 811 Θ

351 903 595 1032 producti,
636 919 747 1004 mox
782 901 1123 1000 corroboratur.
1174 903 1353 1000 Nerviis
1396 905 1634 1002 cardiacus
1652 904 1860 1037 superfi·

352 1060 499 1174 cialis,
525 1058 589 1150 ita
616 1058 846 1152 formatus
871 1059 922 1150 in
951 1058 1170 1152 cadavere
1191 1060 1357 1172 citato,
1382 1062 1501 1154 circa
1522 1085 1742 1185 quartam
1768 1098 1860 1159 cer-

351 1217 464 1312 vicis
502 1215 763 1308 vertebram
800 1246 912 1307 cum
948 1214 1049 1342 pari
1086 1247 1200 1342 vago
1236 1191 1323 1342 per
1362 1211 1501 1311 filum
1543 1239 1858 1316 transversum

349 1370 650 1480 nectebatur;
678 1369 790 1463 dein
823 1371 876 1462 in
909 1367 1131 1499 ganglion
1161 1368 1380 1464 cervicale
1403 1373 1619 1467 medium
1648 1407 1741 1470 sese
1774 1378 1859 1470 im÷

349 1529 530 1643 mersit,
561 1527 646 1653 qui
680 1526 839 1650 denuo
871 1525 1037 1620 sortior
1066 1525 1216 1619 lactus
1242 1527 1302 1619 ad
1330 1528 1550 1622 arteriam
1586 1530 1858 1626 innomina÷

349 1707 450 1782 tam
483 1684 786 1814 properabat,
824 1703 970 1806 atque
1000 1682 1121 1775 datis
1148 1681 1347 1776 surculis
1375 1685 1436 1777 ad
1468 1685 1606 1786 istam
1636 1689 1856 1812 arteriam

347 1843 671 1938 anastomosin
691 1839 847 1970 inibat
870 1869 982 1932 cum
1000 1871 1132 1930 ramo
1152 1839 1282 1930 nervi
1304 1839 1425 1968 vagi,
1444 1859 1492 1933 et
1510 1837 1703 1967 plexum
1727 1841 1857 1936 ellor-

337 1999 533 2113 ¹mahat,
572 1999 656 2122 qui
688 1995 847 2125 plexui
878 2025 1050 2122 magno
1084 1994 1296 2086 cardiaco
1325 1997 1467 2088 modo
1492 1996 1625 2130 infra
1655 1969 1856 2098 dicendo

347 2185 441 2248 sese
475 2153 706 2280 adjunxit

419 2314 460 2430 ς.
489 2340 563 2400 ra.
600 2306 877 2404 Secundum
898 2303 1028 2398 nervi
1054 2303 1362 2399 intercostalis
1380 2306 1623 2435 ganglion,
1643 2310 1715 2403 uti
1737 2312 1854 2426 dixi,

348 2457 674 2596 thyreoidaom
703 2460 1019 2590 appellatum,
1042 2492 1119 2553 sex
1145 2459 1294 2554 lineas
1320 2461 1542 2589 longum,
1574 2485 1622 2558 et
1650 2488 1856 2599 quatuor

204 2749 206 2754 Α
347 2617 527 2735 latum,
567 2619 627 2712 ad
655 2619 783 2712 'duas
811 2616 960 2710 lineas
993 2646 1136 2744 supra
1172 2617 1393 2710 arteriam
1432 2617 1752 2746 thyreoideam
1788 2622 1856 2716 in-

345 2775 561 2880 feriorem
596 2775 807 2902 positum
840 2795 921 2867 est.
970 2771 1127 2866 Habet
1167 2805 1356 2865 ramum
1392 2774 1830 2880 communicantem
1841 2847 1861 2895 ,.

346 2930 545 3061 longum
582 2953 630 3026 et
660 2925 993 3044 tenerrimum,
1021 2961 1133 3023 cum
1158 2951 1328 3053 quarto
1358 2961 1500 3024 nervo
1531 2931 1852 3050 cervicalium,

345 3089 517 3182 deinde
544 3086 715 3202 alium,
739 3089 818 3182 sed
847 3087 1108 3200 fortiorem,
1136 3118 1248 3179 cum
1277 3085 1461 3210 quinto.
1501 3085 1566 3182 Hi
1596 3090 1716 3181 rami
1738 3111 1855 3186 sunt

345 3240 604 3372 superficiei
638 3245 889 3372 propiores.
928 3241 1153 3336 Existunt
1187 3274 1296 3338 vero
1333 3242 1429 3336 duo
1460 3241 1571 3354 alii,
1608 3277 1634 3336 c
1667 3244 1858 3374 ganglia·

345 3400 541 3524 quidem
570 3399 874 3528 egredientes,
903 3399 982 3492 sed
1010 3398 1063 3489 in
1089 3397 1466 3524 profunditatem
1497 3397 1717 3492 immersi.
1761 3402 1862 3495 Ho·r

345 3589 457 3648 rum
488 3557 641 3682 prior,
671 3556 781 3649 satis
811 3554 1111 3681 conspicuus,
1147 3573 1281 3646 tener
1316 3575 1461 3677 atque
1489 3586 1728 3671 succesus,
1756 3590 1864 3685 spa-

345 3713 471 3807 tium
508 3710 773 3818 musculare
810 3709 934 3804 inter
974 3707 1231 3837 apophyses
1255 3729 1545 3808 ‘transversas
1587 3733 1765 3834 quartae
1806 3735 1855 3810 et

343 3867 527 3992 quintae
559 3866 779 3963 vertebrae
813 3864 922 3959 colli
958 3865 1186 3993 perforat,
1218 3865 1346 4000 dein
1365 3865 1418 3960 in
1446 3867 1565 3960 duos
1594 3898 1747 3961 ramos
1779 3870 1862 3962 de

344 4023 483 4120 hiscit
499 4023 783 4151 divergentes
796 4061 814 4115 a
827 4055 1035 4147 quorum
1055 4022 1266 4114 anterior
1283 4021 1456 4146 quinto
1477 4023 1580 4150 pari
1599 4055 1858 4119 nervorum

345 4178 642 4274 cervicalium
657 4211 704 4272 se
727 4179 968 4308 adjungit,
989 4197 1171 4306 puncto
1193 4177 1235 4270 ei
1253 4177 1487 4305 opposito,
1510 4180 1641 4302 quod
1661 4213 1858 4274 ramum·

344 4336 646 4464 posteriorem
668 4335 962 4464 suppeditat;
990 4334 1189 4426 interior
1217 4367 1324 4427 vero
1352 4334 1405 4428 in
1431 4333 1645 4428 canalem
1669 4370 1757 4463 pro
1785 4371 1864 4432 arr

345 4491 461 4586 teria
503 4492 749 4587 vertebrali
791 4493 844 4586 in
883 4490 1203 4622 apophysibus
1247 4491 1517 4585 transversis
1555 4491 1858 4620 exsculptum..

345 4645 577 4764 ascendit,
608 4671 752 4775 atque
776 4650 829 4742 in
856 4650 1033 4744 tunicis
1060 4647 1239 4740 arteriae
1266 4648 1476 4775 ejusdcm
1504 4647 1784 4744 absumitur.

416 4803 563 4900 Plane
580 4808 787 4900 eundem
806 4781 1057 4902 decursum
1073 4803 1191 4902 alter
1204 4806 1592 4932 supradictorum·
1605 4838 1857 4902 ramorum

342 4960 584 5082 sequitur,
625 4993 798 5091 nempe
841 4961 1144 5060 intervallum
1176 4995 1203 5054 a
1238 4959 1466 5054 musculis
1502 4961 1861 5082 intertrausven

343 5112 518 5209 salibus
554 5118 787 5245 repletum
833 5121 1077 5247 perforat:
1113 5117 1287 5226 dehinc
1326 5117 1378 5210 in
1415 5117 1533 5212 duos
1572 5149 1726 5211 ramos
1763 5115 1857 5212 fine

345 5267 494 5392 ditur,
517 5304 725 5406 quorum
748 5293 973 5412 externus
993 5308 1108 5373 cum
1126 5273 1229 5410 pari
1255 5271 1551 5368 cervicalium
1571 5294 1698 5396 serto
1726 5305 1856 5372 com-

1491 5459 1521 5522 a
