5080 6812
384 974 530 1067 quam
562 939 933 1068 pelluciditatem
962 938 1197 1048 habeant;
1233 937 1402 1030 transit
1430 968 1621 1060 quoque
1654 936 1706 1027 in
1733 965 1887 1028 ramos

383 1098 676 1226 gangliorum
718 1099 928 1188 internos
968 1117 1111 1219 atque
1151 1117 1383 1208 externos,
1428 1094 1568 1206 adeo,
1618 1113 1673 1184 ut
1709 1090 1885 1185 surculi

383 1239 677 1381 gangliorum
702 1251 998 1346 cervicalium
1025 1250 1167 1377 plane
1187 1248 1414 1375 diaphani
1438 1248 1556 1339 milri
1581 1248 1887 1373 apparuerint

385 1407 437 1499 in
467 1407 679 1520 foetibus,
719 1429 862 1528 atque
885 1406 1164 1498 hominibus
1198 1405 1257 1495 in'
1283 1403 1481 1530 juvenili
1510 1424 1643 1534 aetate
1675 1401 1885 1494 mortuis.

455 1560 546 1653 Sed
587 1561 724 1689 longe
759 1561 908 1675 abest,
949 1583 1006 1653 ut
1035 1592 1199 1653 succus
1237 1560 1322 1650 iste
1356 1581 1538 1651 certum
1575 1590 1629 1647 ac
1669 1579 1887 1672 constans

382 1715 443 1808 sit
481 1699 856 1841 phaenomenon,
894 1717 1034 1806 etad
1071 1712 1333 1807 normalem
1370 1711 1665 1841 gangliorum
1706 1733 1885 1807 statum

383 1869 486 1994 jure
537 1871 801 1994 meritoque
848 1873 909 1964 sit
953 1870 1230 1962 referendus.
1289 1869 1536 1976 Rarissime
1580 1867 1783 1959 occurrit
1835 1868 1887 1960 in

382 2007 578 2152 gangliis
613 2025 860 2118 thoracicis
891 2046 1034 2147 atque
1064 2023 1278 2149 plexibus
1311 2024 1521 2116 cardiaco
1563 2044 1608 2114 et
1638 2021 1892 2148 pulmona2
1995 2035 1998 2044 '

384 2178 532 2289 libus;
566 2180 858 2302 frequentius
894 2202 1054 2270 autem
1090 2179 1265 2302 (usque
1300 2179 1359 2270 ad
1394 2200 1568 2271 certam
1603 2203 1746 2302 atque
1780 2177 1888 2272 defi-

385 2336 538 2426 nitam
563 2333 772 2450 aetatem)
808 2334 859 2424 in
886 2332 1030 2447 collo,
1059 2333 1110 2425 in
1138 2333 1279 2425 ramis
1308 2331 1596 2456 'quibusdam
1627 2356 1888 2428 anastomo

383 2489 488 2580 ticis
512 2520 762 2580 nervorum
787 2487 1069 2614 spinolium,
1095 2490 1221 2581 acin
1243 2489 1393 2580 nervis
1412 2487 1602 2613 plcxum
1628 2490 1894 2580 caroticum.

324 2717 328 2730 .
383 2643 803 2755 constituentibus,
824 2642 1042 2765 equibus
1068 2644 1196 2734 nervi
1217 2644 1282 2734 sic
1301 2642 1413 2734 dicti
1441 2640 1604 2734 molles
1628 2643 1887 2737 diutissime

384 2795 523 2888 illum
553 2828 748 2887 succum
785 2798 985 2888 retinere
1015 2797 1249 2889 videntur.

456 2951 686 3066 Quamvis
725 2951 884 3073 itaque
921 2953 1005 3044 iste
1037 2985 1202 3045 succus
1236 2953 1398 3046 minus
1430 2976 1699 3047 constanter
1733 2955 1889 3081 depre-

382 3106 639 3221 hendatur,
658 3128 802 3230 atque
819 3107 981 3200 minus
996 3108 1056 3201 ad
1067 3109 1294 3201 fabricam
1306 3109 1600 3236 gangliorum
1620 3108 1885 3203 naturalem

381 3264 442 3356 sit
470 3263 754 3375 referendus,
786 3283 997 3356 attamen
1029 3263 1199 3356 illustri
1226 3261 1422 3394 Scarpce
1458 3264 1626 3357 lubens
1657 3266 1884 3379 concedo,

382 3419 512 3542 quod
545 3419 604 3508 ad
637 3418 841 3509 stamina
881 3450 1046 3522 nervea
1083 3420 1281 3511 fovenda
1322 3442 1369 3510 et
1400 3420 1673 3516 oblinienda
1708 3421 1887 3547 potissi-

382 3605 520 3665 mum
557 3571 800 3680 inserviat;
837 3572 966 3666 haud
1000 3607 1106 3665 vero
1137 3575 1410 3667 substantiae
1443 3575 1662 3668 cerebrali
1691 3577 1752 3667 sit
1783 3577 1887 3668 assi-

381 3727 659 3848 milandus„
689 3731 818 3851 quod
850 3728 1000 3852 aliqui
1032 3731 1287 3822 anatomici
1319 3731 1661 3855 judicaverunt.

451 3888 493 4003 3.
532 3875 612 3974 85.
662 3884 847 4010 Rejecta
885 3884 994 3978 licet
1034 3889 1266 3977 sententia
1315 3887 1371 3978 de
1413 3917 1553 3980 carne
1589 3884 1883 4014 gangliorum

357 4037 601 4131 ¹cerebrali
649 4040 921 4132 substantiae
962 4043 1320 4167 aequiparanda,
1373 4064 1533 4134 tamen
1578 4073 1741 4168 negare
1784 4072 1901 4135 non.

378 4227 593 4321 possum,
640 4195 689 4285 in
719 4195 914 4323 gangliis
945 4196 1186 4324 duplicem
1218 4199 1463 4290 materiam
1496 4198 1721 4312 inveniri,
1754 4219 1800 4290 et
1833 4199 1883 4289 in

379 4350 468 4442 hac
503 4383 551 4442 re
595 4351 812 4476 opinioni
843 4385 870 4444 a
907 4353 1205 4447 meritissimo
1245 4353 1474 4458 Wutzero
1511 4352 1703 4479 prolatae
1744 4353 1886 4479 plane
1926 4427 1929 4436 ,

381 4529 617 4598 assentior.
1687 4525 1691 4532 “

453 4665 511 4753 ln
541 4661 806 4753 minoribus
829 4651 1014 4755 'scilieet
1040 4661 1252 4790 gangliis‚
1287 4660 1486 4788 exempli
1514 4664 1681 4792 gratia,
1716 4664 1768 4755 in
1794 4695 1885 4755 cer-

381 4814 513 4907 vicali
545 4817 723 4929 medio,
763 4819 814 4910 in
848 4818 1042 4946 gangliis
1069 4818 1314 4910 thoracicis
1341 4819 1555 4945 (excepto
1590 4819 1795 4945 primo),
1833 4818 1905 4934 in,

379 4970 572 5098 gangliis
622 4969 946 5087 lumbalibus,
990 4972 1346 5065 filamentorum
1402 4973 1638 5064 intricatio
1692 4972 1883 5065 feliciori

381 5149 551 5218 eventu
587 5149 739 5252 potest
773 5127 973 5220 resolvi.¹
1031 5129 1243 5245 Quodvis
1281 5129 1478 5219 istorum
1509 5129 1801 5257 gangliorum
1831 5131 1883 5222 in

427 5335 436 5364 ¹
461 5332 549 5399 Vide
573 5335 723 5396 tabulam
745 5337 930 5400 secundam
953 5345 1054 5416 atque
1078 5333 1230 5412 ejusdem
1254 5333 1527 5418 explicationem.

1524 5478 1556 5572 9
