5076 6816
1105 723 1205 832 3123

397 937 794 1045 -incoertendam3
826 934 1092 1064 magnetico
1122 934 1194 1026 vel
1225 931 1711 1064 electrieoagalranico
1756 935 1905 1030 fluido

400 1094 647 1222 analogam
659 1131 671 1202 ;
690 1125 715 1183 a
734 1090 882 1219 pulpa
902 1122 1067 1184 nervea
1084 1111 1326 1204 secretam,
1340 1090 1576 1183 evolutam
1592 1109 1740 1214 atquc
1761 1115 1906 1185 trans-
1948 1219 1952 1226 ⁶

398 1249 614 1358 missam3
635 1247 784 1341 solam
810 1270 1076 1361 actuosum,
1094 1247 1236 1370 quod
1264 1247 1416 1340 nervis
1442 1248 1580 1362 inest,
1608 1249 1902 1376 principium

399 1405 782 1532 constituentem.
823 1405 1040 1497 Admitto
1073 1405 1215 1496 istam
1247 1404 1497 1497 materiem
1515 1404 1903 1518 mobilissimant,

399 1575 447 1654 et
465 1579 710 1654 summam
732 1559 994 1654 nobilitatis
1008 1560 1205 1686 gradum
1220 1559 1496 1675 amentem,
1512 1561 1632 1652 eima
1650 1575 1905 1652 nervorum

399 1717 638 1810 funiculos
661 1739 804 1841 atque
823 1748 998 1830 ramos,
1018 1737 1125 1807 tum
1145 1736 1193 1806 et
1215 1716 1335 1806 circa
1356 1735 1547 1808 carnem
1567 1716 1902 1829 mascnlamm,

398 1871 641 1966 efformare
665 1871 1048 1998 atmospltaeram‚
1070 1900 1218 1994 quam
1241 1868 1389 1963 Reilii
1407 1873 1752 2000 sagacissimam
1783 1871 1905 1998 inge

399 2029 539 2120 nium
552 2027 925 2155 praenuntiabat,
951 2049 1211 2149 antequam
1233 2026 1532 2120 illustrissimi
1549 2023 1834 2134 Humboldt¹
1854 2047 1904 2120 et

397 2184 779 2308 experientissimi
815 2164 993 2274 Aldr'rri
1001 2179 1017 2215 ²
1051 2181 1392 2306 experimenta,
1422 2215 1609 2274 summa
1646 2215 1757 2274 eum
1790 2214 1902 2273 cura

398 2339 640 2452 instituta,
667 2369 822 2430 veram
848 2336 1055 2462 ejusdem
1076 2335 1387 2429 stabiliverint
1411 2339 1727 2452 existentiam,
1759 2360 1903 2460 atque
1955 2437 1958 2444 ,

396 2493 728 2604 monstrarint,
760 2524 865 2582 eam
893 2491 1199 2584 sensibilitate
1222 2523 1314 2584 esse
1345 2494 1617 2618 praeditam,
1645 2494 1812 2607 idest,
1840 2494 1903 2585 sa·

396 2646 622 2738 cultatem
653 2646 823 2737 habere
853 2645 1106 2738 stimulum
1135 2647 1449 2772 percipiendi,
1486 2670 1628 2771 atque
1655 2682 1743 2775 ope
1777 2681 1911 2777 orgae·

397 2833 595 2914 norum,
628 2799 853 2924 equibus
879 2822 1094 2914 emanat,
1126 2823 1289 2892 contra
1319 2832 1430 2893 eum
1460 2804 1687 2931 reagendi.
1726 2803 1900 2918 Crede,

395 2955 753 3082 atmosphaeram
781 2955 1181 3094 istam-lner'veam,
1199 2957 1642 3092 ¹quamingeniosus
1669 2958 1902 3088 physiolo-

394 3095 506 3240 gus³
524 3106 741 3203 aetherem
765 3113 1043 3239 organicum
1065 3091 1353 3226 neminavit,
1374 3145 1547 3239 organa
1564 3114 1830 3239 perflando,
1846 3148 1898 3208 ea

396 3268 448 3357 in
468 3265 739 3359 dominium
760 3296 1013 3358 nervorum
1036 3265 1237 3376 trahere;
1257 3289 1322 3381 et,
1341 3271 1619 3361 anatomicis
1635 3270 1899 3363 rationibus

394 3444 659 3550 permotus,
690 3421 893 3536 affirmo,
925 3421 1058 3515 illam
1079 3423 1131 3513 in
1155 3424 1432 3550 sanguinem
1458 3399 1615 3550 ipsum
1643 3448 1786 3549 atque
1813 3425 1899 3517 hu-

394 3609 547 3669 mores
562 3574 764 3689 effundi,
784 3598 830 3668 et
842 3577 1004 3670 iisdem
1021 3574 1263 3671 vitalitatis
1281 3576 1591 3670 characterem
1615 3581 1896 3705 imprimere.

394 3731 584 3826 Actioni
611 3731 790 3826 aetheris
814 3733 1017 3860 organici
1048 3732 1207 3824 tribuo
1226 3730 1539 3856 phaenomena
1567 3735 1619 3825 in
1636 3758 1761 3827 statu
1781 3767 1895 3828 sano

394 3911 441 3980 et
466 3908 633 4014 aegroto
663 3888 985 4014 percipienda,
1018 3909 1065 3982 et
1093 3919 1301 4011 quorum
1337 3888 1569 4015 praecipua
1599 3891 1741 3984 modo
1777 3891 1898 3984 indi-

393 4043 504 4135 cavi.
1680 4162 1682 4168 y

466 4199 574 4290 Haec
605 4219 720 4290 sunt
754 4229 859 4320 quae
890 4198 1093 4322 proferre
1126 4197 1262 4324 potui
1296 4197 1416 4288 circa
1451 4199 1652 4292 modum
1682 4233 1763 4293 seu
1804 4236 1897 4296 me
2027 4231 2029 4238 ·

394 4353 718 4466 chanismum,
738 4384 834 4475 quo
854 4383 1022 4445 nervus
1044 4352 1412 4480 sympatheticus
1434 4355 1550 4448 vires
1570 4358 1658 4451 sibi
1684 4360 1896 4486 proprias

393 4509 579 4623 exserit,
613 4530 756 4631 atque
786 4508 1054 4600 functiones
1084 4540 1191 4600 suas
1221 4506 1416 4635 perficit.

463 4662 513 4757 si
546 4663 653 4786 quis
677 4663 795 4755 soret
822 4661 905 4786 qui
937 4661 1155 4755 aetherem
1179 4695 1428 4756 nervosum
1454 4697 1584 4758 exea
1614 4667 1795 4761 ratione
1819 4702 1896 4762 ne-

389 4820 583 4950 gaverit,
605 4820 733 4943 quod
762 4819 878 4910 rude
906 4817 1176 4935 vinculum,
1198 4819 1351 4912 nervis
1373 4821 1627 4947 injectum,
1658 4824 1893 4954 paralysin

439 5103 448 5132 ¹
474 5103 565 5165 Loco
588 5097 748 5184 superius
771 5097 883 5163 citato.

384 5195 394 5226 ⁸
440 5217 453 5248 ¹
474 5211 597 5278 Ertaia
620 5211 818 5297 theorr'ques
837 5220 872 5276 et
884 5206 1069 5296 praemites
1093 5231 1158 5276 rur
1178 5213 1211 5275 le
1226 5210 1462 5302 galvanisme5
1484 5224 1567 5281 tom.
1588 5240 1624 5294 r,
1639 5238 1678 5302 p.
1700 5223 1822 5302 rt-rt,
1840 5221 1893 5284 86.

437 5320 450 5362 ³
471 5329 750 5422 Erchenmayer,
774 5327 951 5394 Professor
969 5327 1213 5414 Tubingenris.
