5076 6816
1403 638 1503 734 166

686 861 860 960 stantia
887 856 1145 971 fabrefacti,
1166 889 1271 980 quaa
1289 857 1497 984 ejusdem
1518 855 1611 952 sere
1637 876 1736 951 erat
1756 856 1930 950 indolis
1955 887 2103 982 qnam
2128 880 2202 954 tu-

690 1050 814 1131 mor,
838 1017 889 1107 in
910 1046 1007 1139 quo
1021 1014 1343 1106 decurrebant
1363 1013 1594 1142 AEgrotus‚
1608 1015 1679 1120 vir
1692 1015 2004 1144 quadraginta
2022 1038 2201 1142 septem

688 1203 950 1285 annorum,
970 1167 1104 1295 cujus
1123 1170 1315 1262 cadaver
1333 1170 1479 1278 istum
1501 1168 1751 1268 exhibebat
1770 1191 2028 1284 tumorem,
2040 1172 2199 1264 subita

687 1326 932 1454 cardialgia
953 1345 1214 1453 correptus,
1237 1324 1530 1428 immanibus
1552 1323 1854 1418 cruciabatur
1876 1325 2118 1420 doloribus
2138 1327 2198 1419 ad

685 1484 874 1610 spinam
894 1481 1017 1584 dorsi
1040 1502 1087 1582 et
1106 1481 1341 1609 regionem
1366 1479 1791 1608 interscapular'em.
1817 1481 2117 1575 Accedebant
2136 1483 2196 1576 ad

452 1667 456 1674 '
603 1766 606 1772 Ι
687 1671 740 1736 ea
765 1657 1081 1766 symptomata
1104 1636 1321 1763 pertinax
1343 1637 1624 1765 constipatio
1645 1658 1692 1730 et
1716 1639 1924 1730 tormina
1944 1638 2197 1754 dirissima,

686 1793 863 1918 quibus
883 1793 1077 1896 demum
1105 1792 1330 1910 occubuit
1354 1790 1494 1892 miser
1513 1814 1620 1919 post
1636 1815 1812 1920 septem
1838 1793 2196 1888 hebdomadum

688 1948 1004 2054 intervallum.
1037 1951 1327 2053 lnveteratus
1355 1968 1477 2054 certe
1497 1949 1589 2041 fuit
1611 1949 1807 2041 morbus
1825 1949 1909 2045 iste
1931 1949 2196 2078 organicus,

687 2103 825 2204 nullo
854 2125 1171 2233 symptomata
1207 2087 1440 2214 notatum·
1456 2105 1550 2210 sed¹
1570 2099 1904 2198 violentissima
1940 2135 2197 2232 apparuere

684 2261 996 2387 phaenomena
1017 2261 1078 2354 ab
1102 2294 1156 2353 eo
1176 2282 1406 2386 tempore,
1431 2294 1527 2385 quo
1550 2262 1679 2354 nervi
1704 2260 1850 2390 vagia
1875 2281 2062 2355 tumore
2081 2295 2197 2386 quo-

684 2418 800 2515 tidie
837 2418 1123 2518 increscente
1160 2416 1506 2520 divellebantur
1537 2451 1590 2510 ac
1624 2420 1819 2511 tandem
1855 2417 2196 2512 lacerabantur.

685 2572 807 2680 Fieri
831 2606 931 2672 non
949 2574 1134 2698 potuit,
1154 2573 1275 2696 quin
1296 2575 1495 2678 istorum
1511 2607 1765 2676 nervorum
1776 2574 2109 2690 vellicationes,
2132 2577 2193 2674 ad

682 2727 903 2860 ganglion
941 2729 1227 2828 semiluuare¹
1265 2731 1482 2832 dextrum
1524 2733 1662 2824 etad
1703 2733 1832 2832 nervi
1865 2731 2194 2860 sympathetiei

684 2885 832 2982 dextri
864 2905 1092 2986 truncum
1118 2886 1364 3006 traductae,
1394 2889 1626 2988 immanes
1652 2887 1964 3016 produxerint
1986 2887 2196 2981 abdomi,

684 3039 758 3134 nis
784 3061 831 3138 et
859 3040 1005 3165 spinae
1038 3042 1163 3142 dorsi
1194 3041 1386 3144 dolores.

753 3199 796 3313 §r
824 3188 934 3326 159.
955 3195 1063 3292 Non
1083 3195 1238 3292 solum
1257 3199 1309 3289 in
1329 3197 1608 3295 hominibus
1626 3220 1759 3293 aetate
1779 3199 2006 3326 provectis
2026 3230 2195 3292 nervus

680 3345 1049 3476 sympathetious
1084 3353 1372 3454 mutationes
1404 3357 1611 3452 ostendit
1644 3358 1902 3485 organicas,
1938 3356 2191 3452 sedetiam

683 3506 735 3600 in
762 3506 1103 3633 embryonibus
1136 3508 1415 3613 alteratione
1451 3514 1706 3640 corripitur
1730 3512 1953 3641 singulari
1980 3551 1991 3604 r
2017 3545 2071 3606 ex
2096 3546 2193 3637 quo

680 3681 834 3787 patet,
862 3659 913 3758 in
942 3663 1196 3766 tenerrima
1220 3687 1355 3768 aetate
1377 3702 1488 3765 eum
1519 3669 1697 3762 morbis
1723 3703 1814 3762 esse
1843 3669 2120 3762 obnoxium.
2183 3775 2185 3782 ,

754 3817 862 3914 Visa
884 3818 1014 3920 enim
1043 3841 1110 3917 cst
1137 3819 1498 3924 intumescentia
1527 3821 1749 3921 ssavedini
1768 3825 1934 3950 juncta
1955 3826 2007 3917 in
2031 3826 2190 3918 trunci

682 3973 812 4068 nerei
838 3974 1169 4100 sympathetioi
1196 3999 1329 4102 parte
1358 3979 1604 4082 thoracica.
1652 3979 1796 4074 Color
1826 3983 1932 4096 iste,
1964 4015 2017 4076 ex
2049 4013 2190 4075 aureo

683 4126 852 4242 ssavus,
874 4127 1003 4276 baud
1029 4132 1312 4240 extrinsecus
1338 4137 1490 4242 nervis
1514 4136 1801 4253 adhaerebat,
1829 4139 1907 4231 sed
1930 4138 2015 4263 ipsi
2036 4137 2192 4264 pulpae

683 4314 859 4382 uertere
887 4307 984 4386 erat
1007 4287 1251 4412 proprius;
1279 4290 1564 4394 abluebatur
1587 4325 1745 4418 neque
1769 4295 1829 4387 ab
1861 4326 2010 4417 aqua²
2035 4325 2191 4418 neque

682 4437 744 4534 ab
775 4437 1015 4555 alkoltolc,
1043 4461 1089 4540 et
1120 4475 1221 4544 non
1252 4447 1599 4561 destruebatur,
1632 4452 1723 4546 nisi
1752 4485 1778 4552 a
1810 4451 2052 4543 radiorum
2082 4449 2191 4542 solis

683 4594 880 4692 actione.
921 4595 1130 4700 Medulla
1158 4601 1351 4727 spinalis
1378 4608 1585 4708 eundem
1614 4605 1909 4710 monstrabat
1937 4606 2190 4706 morbum:

682 4768 781 4856 'Ota
803 4749 1041 4850 enimvero
1058 4754 1431 4880 ejussubstantia
1451 4761 1655 4857 colorem
1676 4762 1925 4862 exhibebat
1940 4763 2187 4878 ciminum,

682 4926 751 5020 et,
781 4939 937 5029 quum
968 4910 1273 5039 microscopio
1306 4915 1625 5034 lustrabatur,
1657 4921 1909 5020 innumera
1940 4919 1992 5018 in
2025 4919 2189 5016 eadem

683 5063 975 5186 apparebant
992 5091 1170 5191 puncta
1191 5071 1337 5187 lusca,
1357 5095 1590 5198 tanquam
1609 5075 1647 5168 si
1663 5073 1817 5204 pulvis
1839 5072 2188 5198 subtiliterque

683 5217 855 5319 rutilus
883 5219 1187 5348 intemperatis
1215 5251 1348 5346 asset,
1382 5251 1432 5334 et
1456 5231 1624 5336 mistus
1647 5205 1804 5360 pulpae
1832 5261 2018 5324 uerveae.
