5076 6816
1420 669 1514 784 1‘32

710 935 897 1010 nerveas
917 903 1037 996 ‘vasis
1064 903 1265 1030 imperat
1289 905 1612 1033 capillaribus,
1638 907 1709 1002 vel
1735 910 1854 1006 forte
1883 933 2073 1012 motum
2102 923 2217 1015 cxci·

707 1081 779 1155 tat
803 1060 1085 1153 intestinum
1111 1060 1162 1152 in
1185 1062 1414 1189 sanguine
1437 1063 1549 1189 ipso.
1568 1081 1571 1092 ’
1594 1065 1702 1157 Huc
1727 1070 1905 1163 accedit
1931 1072 2086 1166 forsan
2109 1110 2214 1202 pro

706 1251 856 1312 cessus
871 1215 1383 1344 electricogalvanicus,
1404 1220 1678 1346 quisponte
1695 1223 1880 1320 elicitus
1897 1233 2215 1327 succussiones

703 1373 927 1501 producit
943 1372 995 1465 in
1012 1373 1166 1466 nervis
1189 1372 1531 1498 musculisque,
1556 1375 1837 1507 physiologis
1853 1403 1998 1509 atquc
2021 1387 2214 1482 medicis

703 1530 827 1624 bene
857 1550 1004 1623 notas.

775 1692 816 1808 5.
846 1718 958 1780 120.
994 1685 1386 1812 Quotiescunque
1409 1691 1460 1782 in
1485 1691 1672 1787 diversis
1698 1695 1875 1788 morbis
1895 1696 2211 1823 phaenomena

599 1817 602 1822 Δ
705 1875 895 1936 nervosa
924 1842 1348 1968 deprehenduntur
1359 1885 1374 1958 ,·
1404 1876 1612 1967 quorum
1643 1848 1769 1941 sedes
1795 1872 1862 1942 est
1891 1853 2014 1979 regio
2029 1855 2211 1984 'epigas

702 1999 818 2093 trica
848 2020 992 2122 atque
1019 1997 1350 2127 praecordialis,
1393 2003 1531 2123 toties
1558 1993 1730 2097 vitium
1761 2004 1957 2129 aliquod
1989 2008 2041 2101 in
2077 2013 2208 2104 nervi

700 2155 1030 2284 sympathetici
1073 2153 1242 2246 haerere
1280 2155 1467 2251 videtur
1504 2159 1657 2250 ramis.
1708 2155 1935 2252 Morbum
1976 2158 2210 2258 militarem

701 2306 1041 2441 idiopatlricum
1062 2341 1244 2435 semper
1268 2312 1558 2406 antecedunt
1577 2336 1893 2441 symptomata
1916 2318 2208 2445 gravissima:

700 2468 933 2595 oppressio
962 2466 1197 2559 nimirum
1217 2467 1435 2591 pectoris,
1460 2469 1680 2594 suspiria,
1703 2470 1921 2563 strictura
1939 2477 2209 2599 praepordio-

701 2647 834 2739 rum,
862 2623 1117 2715 anxietates
1137 2623 1387 2748 praecipue,
1411 2655 1515 2744 quae
1535 2625 1797 2718 miserrimo
1816 2649 1984 2755 aegroto
2002 2652 2205 2724 mortem

699 2780 996 2876 annunciare
1024 2778 1246 2870 videntur
1274 2776 1543 2872 instantem.
1583 2779 1675 2874 Sed
1706 2781 1900 2876 nullum
1930 2786 2085 2880 existit
2118 2803 2208 2914 sys-

700 2959 846 3050 tema,
875 2955 1040 3063 praetcr
1069 2965 1320 3026 nervosum
1350 2935 1644 3052 abdominis,
1675 2938 1752 3030 cui
1786 2938 1948 3032 turbas
1964 2941 2082 3035 istas
2108 2975 2207 3036 mo-

698 3093 963 3188 lestissimas
1000 3090 1205 3184 tribucre
1233 3091 1474 3219 possimus.
1527 3093 1676 3190 Nemo
1711 3095 1842 3214 enim
1878 3093 2060 3190 inficias
2079 3099 2203 3216 ibit,

697 3252 874 3345 borum
902 3248 1329 3374 phaenomenorum
1355 3280 1545 3341 causam
1576 3279 1732 3372 neque
1763 3250 1815 3343 in
1852 3250 2204 3384 diaphragmatc

696 3406 864 3520 latere,
885 3435 1041 3528 neque
1068 3403 1120 3495 in
1141 3401 1334 3528 hepate,
1359 3433 1515 3526 neque
1537 3404 1590 3496 in
1608 3403 1895 3522 ventriculo,
1922 3405 2067 3524 liene,
2087 3412 2204 3506 vasis

696 3562 985 3691 sanguineis,
1009 3558 1100 3653 tela
1120 3555 1360 3674 cellulosa,
1376 3558 1688 3670 ‘membranis3
1714 3562 1793 3655 sed
1817 3561 1869 3653 in
1888 3594 2062 3694 organo
2078 3598 2204 3660 sum·

697 3751 888 3848 mopere
912 3715 1159 3832 sentienti,
1192 3717 1322 3839 quod
1353 3715 1405 3808 in
1436 3737 1585 3812 cetera
1616 3719 1784 3811 viscera
1817 3720 1983 3847 reagit,
2016 3719 2202 3846 illisque

698 3879 932 4005 imperat:
964 3873 1117 3998 quod,
1151 3903 1315 3964 mora
1346 3871 1502 3966 morbi
1529 3871 1752 3967 violentia
1784 3875 1916 3998 quasi
1944 3876 2200 3994 obrutum,

697 4067 808 4132 mox
828 4065 935 4125 vero
953 4027 1272 4143 sublevatum,
1298 4053 1598 4157 paroxysmos
1621 4028 1719 4121 edit
1740 4031 1982 4124 variabiles
2003 4055 2050 4126 et
2076 4035 2198 4128 nulli

696 4188 862 4320 regulae
885 4187 1150 4300 adstrictos,
1185 4185 1359 4299 donec,
1384 4162 1633 4313 eruptione
1657 4185 1717 4277 ad
1747 4186 1898 4279 cutim
1928 4190 2072 4305 lacta,
2101 4222 2202 4285 ner·

694 4378 862 4441 vosum
888 4365 1136 4473 systemaa
1167 4341 1412 4435 miasmate
1443 4341 1684 4436 teterrimo
1716 4339 1957 4437 liberatur.

766 4508 807 4625 ς.
840 4534 952 4594 121.
988 4502 1046 4593 ln
1067 4498 1245 4594 minori
1268 4499 1416 4628 gradu
1440 4491 1663 4591 arthritis
1683 4495 1853 4610 latens,
1882 4499 1953 4593 vel
1978 4501 2199 4598 nondum

693 4660 956 4773 elaborata,
994 4657 1083 4751 sub
1116 4653 1417 4782 spasmodicis
1450 4652 1921 4783 hypochondriorum
1957 4655 2201 4752 affectibus

694 4779 786 4910 sese
809 4811 1038 4923 occultat;
1060 4831 1108 4906 et
1128 4803 1393 4907 attentione
1411 4810 1610 4939 dignum
1630 4811 1841 4925 videtur,
1872 4811 2095 4905 morbum
2118 4813 2201 4944 hy·

694 4969 1100 5101 pochondriacum
1132 4965 1447 5082 essentialem,
1480 4964 1741 5059 diutissime
1770 4989 2085 5093 protractum,
2116 5002 2200 5096 per

693 5123 1166 5256 podagramdenique
1177 5119 1312 5237 solvi,
1326 5121 1532 5235 dum,cx
1550 5118 1694 5213 altera
1705 5144 1857 5250 parte,
1871 5121 2082 5216 arthritis
2100 5125 2198 5251 ipsa

694 5284 920 5381 morbum
939 5279 1171 5380 miliarem
1184 5265 1440 5412 producere
1452 5276 1598 5374 valet:
1611 5308 1708 5404 quo
1724 5277 1911 5375 evidens
1927 5274 2002 5397 fit,
2020 5311 2197 5382 nexum
