5080 6812
1412 723 1460 814 8.

677 945 854 1074 origine
876 945 1129 1080 nervorum
1151 976 1177 1037 a
1203 943 1306 1073 pari
1330 976 1452 1074 rago
1470 964 1517 1068 et
1543 969 1685 1034 nervo
1710 941 2051 1069 sympathetico
2078 975 2185 1070 sup·

675 1101 1018 1227 peditatorum,
1053 1134 1106 1194 ea
1137 1099 1282 1227 paulo
1304 1101 1450 1194 serius
1476 1132 1560 1228 per
1579 1097 1910 1192 'anastomosin
1941 1130 2184 1193 ramorum

675 1253 963 1392 perficiatup
1357 1255 1362 1266 ’

721 1417 788 1533 ti.
818 1445 894 1545 ¹.⁰·
927 1411 1286 1538 Qualiscunque
1301 1445 1408 1522 vero
1424 1416 1484 1507 sit
1504 1443 1755 1509 nervorum
1776 1412 1921 1540 origo,
1940 1441 2186 1524 numerus,

679 1567 941 1682 diversitas,
966 1588 1111 1693 atque
1143 1557 1461 1663 inconstantia
1490 1591 1670 1663 naturae
1697 1569 1748 1660 in
1774 1566 2100 1696 producendis·
2121 1599 2189 1658 ra-

680 1725 793 1838 mis,
824 1722 874 1815 id
897 1733 1133 1851 tanquam
1157 1756 1341 1848 verum,
1371 1719 1554 1818 certum
1586 1746 1729 1848 atque
1752 1745 1973 1816 constans
1996 1721 2186 1816 admitti

679 1891 857 2006 potest,
884 1879 1014 2003 quod
1040 1880 1260 2010 ganglion
1285 1881 1503 2002 cervicale
1530 1875 1742 2008 superius
1771 1879 1831 1973 ab
1857 1877 2080 1972 anteriori
2104 1911 2193 1996 sua·

682 2007 799 2126 facie
836 2015 1239 2165 ramosxemittat,
1275 2037 1452 2163 partim
1497 2034 1684 2151 molles,
1721 2027 1897 2164 partim
1940 2031 2189 2148 firmiores,

684 2189 768 2332 qui
796 2203 978 2318 semper
1008 2193 1228 2285 arteriam
1261 2193 1518 2316 carotidem
1549 2187 1789 2286 internam
1818 2213 1874 2300 et
1892 2191 2207 2319 potissimum¹

684 2328 927 2440 externam
957 2346 1159 2463 adeunt,
1195 2347 1329 2440 illam
1361 2348 1490 2442 vario
1520 2349 1663 2442 modo
1689 2369 1986 2475 perreptant,
2014 2347 2195 2470 quique

686 2503 871 2640 casdem
901 2511 1280 2636 quaquaversum
1313 2504 1627 2620 comitantur,
1655 2509 1702 2597 et'
1729 2500 1986 2597 filamentis
2010 2476 2106 2595 suis
2140 2503 2192 2593 in

686 2690 851 2751 carum
886 2659 1062 2750 tunicis
1089 2656 1348 2752 finiuntur.
1395 2659 1577 2790 Omnes
1615 2663 1808 2788 insuper
1842 2663 1936 2754 istae
1971 2655 2196 2752 ramiflca·

686 2813 860 2929 tiones,
890 2846 1053 2908 earum
1078 2785 1241 2910 diversi
1271 2795 1491 2910 decursus
1522 2840 1665 2942 atque
1686 2819 2077 2944 permixtiocum
2104 2787 2216 2942 filisJ

686 2969 1016 3072 accedentibus
1039 2972 1168 3098 nervi
1196 2972 1653 3104 glossofpharyngei,
1683 2973 1938 3103 pharyngei
1964 2993 2107 3097 atque
2124 2953 2217 3088 ¹la-¹

688 3121 847 3253 r'yngei
871 3127 1019 3220 octavi
1037 3128 1180 3253 paris,
1197 3127 1390 3256 plexum
1415 3128 1667 3224 efformant
1687 3130 1903 3258 longum,
1923 3160 2065 3253 quem
2084 3103 2218 3220 cum¹

690 3276 919 3402 Ho'llerof
955 3285 1005 3376 in
1022 3279 1366 3416 'pbaryrtgeum
1393 3309 1536 3411 atque
1569 3283 1856 3418 laryrrgeum'
1876 3286 2079 3380 dividere
2104 3281 2201 3412 pla-

691 3429 814 3552 c'uit,
845 3435 1052 3562 quorum
1073 3474 1192 3535 mox
1219 3442 1321 3556 hic,
1352 3475 1461 3535 mox
1493 3443 1571 3536 ille
1600 3443 1827 3572 insignior
1852 3442 2066 3536 occurrit.

719 3589 803 3713 ‘'§.
839 3628 911 3686 rr.
955 3575 1171 3727 Quartus
1203 3600 1410 3724 denique
1449 3621 1496 3692 et
1531 3599 1731 3694 ultimus
1764 3635 1790 3692 a
1823 3599 2007 3728 ganglio
2037 3577 2200 3689 olivari

692 3750 952 3890 productus
971 3759 1153 3866 ramus,
1174 3755 1342 3885 longus
1366 3779 1510 3882 atque
1531 3755 1729 3885 gracilis,
1755 3789 1867 3850 cum
1891 3755 2057 3848 arteria
2080 3785 2202 3845 caro-

696 3905 793 4046 tide
816 3908 1076 4003 ,descendit
1102 3945 1261 4036 usque
1298 3913 1356 4004 ad
1391 3936 1585 4005 aortam.
1610 3914 1679 4006 'Is
1709 3915 1799 4006 sub
1838 3911 2036 4004 nomine
2074 3909 2209 4026 nervi

698 4049 914 4155 c‘ordt'crci
935 4063 1255 4204 superficialis
1285 4069 1428 4162 notus
1457 4091 1547 4183 est,
1582 4091 1629 4160 et
1655 4069 1918 4164 secundum
1947 4067 2094 4197 legem
2127 4097 2208 4158 na-

700 4218 904 4312 turalem
932 4254 959 4312 a
987 4256 1100 4350 pare
1123 4257 1236 4354 vago
1264 4227 1615 4353 suppeditatur,
1643 4225 1716 4320 vel
1748 4228 1891 4320 etiam
1928 4226 2114 4319 duabus
2141 4257 2209 4315 ra-

701 4373 885 4480 dicibus
914 4377 976 4472 ab
1010 4381 1221 4506 utrisque
1252 4381 1511 4513 formatur„
1537 4383 1594 4473 ln
1620 4383 1838 4477 cadavere
1862 4381 1966 4496 illo,
1994 4379 2123 4505 quod
2150 4379 2231 4504 de

702 4513 935 4628 industria
970 4555 1114 4662 atque
1151 4539 1211 4630 ad
1251 4571 1351 4632 rem
1396 4537 1764 4667 investigandam
1810 4537 2102 4652 examinavi,
2147 4535 2237 4640 ab,

703 4711 864 4824 octavo
908 4693 1101 4815 quidem
1132 4696 1234 4822 pari
1281 4695 1364 4813 (in
1396 4695 1539 4789 latere
1575 4695 1789 4815 dextro),
1822 4727 1969 4824 prope
2008 4723 2207 4786 nervum

704 4831 980 4986 laryngeum
1010 4852 1266 4944 tenerrimo
1299 4849 1484 4945 ramulo
1515 4853 1759 4969 educitur,
1791 4853 1875 4978 qui
1911 4883 2071 4944 veroa
2103 4847 2212 4966 sub-

702 5003 877 5134 stantia
913 5035 1109 5122 norrea,
1140 5006 1230 5138 sub
1264 5007 1413 5136 specie
1446 4991 1682 5102 filamcnti
1712 5008 1940 5138 diaphani
1972 5039 1997 5102 e
2026 4991 2213 5138 ganglio
2232 5087 2243 5154 ἱ,

710 5407 714 5420 .
755 5360 764 5388 ¹
789 5357 884 5456 loon.
906 5366 1011 5450 anat,
1028 5357 1142 5428 fascic·
1155 5379 1200 5460 ¹23
1224 5359 1355 5450 Explic·
1376 5362 1447 5430 [ab.
1465 5369 1638 5452 art-‚mnu
1658 5373 1728 5431 not.
1750 5359 1817 5432 ffi-
