5076 6816
1369 594 1467 718 154

663 813 891 912 ramulis:
928 813 999 906 nil
1030 813 1413 939 praeternaturale
1454 811 1576 906 mihi
1601 813 1894 910 obtulerunt
1933 819 1986 912 in
2013 818 2175 914 ulceri·

661 974 753 1068 bus
769 1004 850 1066 seu
866 970 1080 1079 vomicis,
1102 969 1173 1063 nil
1201 973 1254 1063 in
1283 971 1590 1065 induratione
1611 970 1821 1098 ejusdem
1849 971 2173 1104 hepatilormi,
2235 1035 2244 1046 ·

664 1127 736 1222 nil
780 1129 833 1222 in
873 1126 1131 1220 tuberculis
1174 1126 1504 1254 cujuscunque
1544 1127 1729 1248 indolis,
1781 1130 2041 1226 Pulmones
2076 1167 2176 1228 exa·

662 1285 842 1380 minari
876 1283 1084 1398 leminae,
1109 1283 1375 1377 innumeris
1399 1284 1656 1378 tuberculis
1680 1285 1924 1410 praeditos,
1962 1320 2173 1411 quorum

662 1442 928 1536 maximum
964 1441 1079 1534 mali
1118 1441 1327 1534 aurentii
1370 1442 1589 1564 aequabat
1621 1439 1870 1556 volumen,
1909 1443 2175 1546 minimum

660 1631 768 1693 vero
788 1596 945 1691 nuclei
966 1630 1229 1691 cerasorum
1250 1598 1470 1723 :pondus
1491 1596 1735 1690 habebant
1759 1593 1927 1719 (corde
1949 1599 2171 1720 abscisso)

661 1753 895 1849 librarum
929 1787 1111 1849 novem.
1162 1754 1201 1844 F
1202 1754 1516 1846 ormabantur
1549 1753 1713 1844 omnia
1745 1753 1990 1848 tubercula
2021 1791 2048 1848 a
2076 1791 2176 1850 ma·

663 1911 778 2006 terie
808 1912 996 2005 cerebro
1029 1912 1167 2004 foetus
1195 1940 1427 2035 perquam
1458 1907 1627 2024 simili,
1671 1939 1776 2031 quae
1808 1909 1956 2003 nullis
1991 1911 2173 2006 inclusa

662 2088 763 2161 orat
788 2068 1067 2195 cystidibus,
1099 2064 1177 2158 sed
1205 2065 1270 2154 in'
1288 2045 1511 2156 contactu
1542 2085 1643 2156 erat
1670 2095 1783 2156 cum
1807 2065 2176 2196 perenchymate

662 2222 931 2352 pulmonali
959 2221 1160 2350 perfecte
1185 2250 1312 2312 sano.
1347 2219 1597 2313 Pulmonis
1623 2220 1771 2312 dextri
1799 2218 1936 2314 lobus
1962 2225 2174 2350 superior

663 2400 793 2473 totus
816 2401 1027 2503 quantus
1047 2379 1098 2470 in
1127 2408 1315 2470 saccum
1338 2408 1584 2469 conversus
1610 2397 1708 2469 erat
1728 2398 1937 2492 vastum,
1961 2352 2175 2474 substanss

585 2631 591 2638 ,
662 2535 731 2628 tia
756 2534 972 2662 pultacea
998 2532 1255 2661 repletum,
1286 2531 1364 2624 cui
1390 2532 1633 2661 sanguinis
1658 2532 1887 2662 coagulati
1915 2536 2049 2662 copia
2074 2556 2174 2629 erat

663 2690 876 2784 admista.
904 2691 1043 2788 Nervi
1065 2688 1383 2817 pulmonales,
1402 2721 1589 2782 summa
1618 2722 1730 2782 cum
1753 2723 1865 2784 cura
1893 2692 2172 2809 examinati,

665 2845 802 2939 nullo
822 2848 965 2939 modo
989 2878 1017 2939 a
1034 2867 1161 2940 statu
1180 2844 1319 2938 solito
1341 2845 1632 2940 recedebant
1660 2845 2052 2990 ingrediebantur
2071 2851 2175 2973 qui·

664 3001 774 3095 dem
801 3001 1068 3117 tubercula,
1094 3024 1142 3095 et
1165 3034 1218 3095 ea
1241 3002 1598 3128 percurrebant3
1626 3002 1704 3095 sed
1731 3000 1919 3097 nullam
1952 3005 2174 3098 mutatio

665 3190 777 3252 nem
799 3159 865 3253 ibi
888 3179 1024 3252 erant
1045 3159 1186 3286 passi,
1207 3190 1316 3273 nec,
1341 3158 1413 3252 uti
1434 3159 1667 3253 creditum
1686 3158 1798 3276 suit,
1814 3157 2016 3338 pulpam
2036 3193 2173 3255 suam

664 3347 882 3420 nerveam
914 3317 967 3409 in
997 3315 1082 3407 ista
1109 3311 1432 3410 effundebant.

677 3477 857 3594 ·§.4
798 3505 815 3563 ι
830 3464 908 3588 45.
941 3470 1272 3600 Saepenumero
1302 3468 1398 3562 vidi
1424 3501 1600 3586 ramos,
1624 3469 1819 3596 plexum
1844 3469 2174 3597 pulmonalem

664 3627 949 3723 anteriorem
990 3649 1037 3721 et
1070 3626 1374 3754 posteriorem
1407 3626 1769 3742 constituentes,
1809 3659 2113 3754 compressos,
2148 3661 2175 3722 e

571 3901 578 3916 ἡ
663 3785 770 3882 sede
800 3817 885 3880 sua
916 3783 1142 3898 dimotos,
1190 3805 1238 3878 et
1267 3781 1511 3876 distractos
1547 3815 1575 3876 a
1604 3782 1841 3913 glandulis
1874 3781 2174 3910 lymphaticis

665 3941 876 4035 infarctis
901 3941 1023 4035 etin
1042 3972 1243 4034 massam
1268 3938 1617 4033 tuberculosam
1642 3937 1860 4053 mutatis,
1884 3939 2050 4067 saepius
2066 3973 2173 4034 vero

664 4130 692 4191 a
730 4098 987 4192 tuberculis
1019 4095 1214 4223 lapideis
1247 4094 1490 4189 bronchiis
1530 4117 1656 4189 arete
1686 4093 1887 4189 accretis.
1933 4095 2029 4190 Ubi
2064 4129 2175 4224 prae·

597 4271 600 4278 '
664 4254 799 4350 dictae
816 4254 1051 4385 glandulae
1071 4253 1274 4346 humore
1302 4253 1435 4382 nigro
1457 4253 1723 4368 scatebant,
1748 4252 1987 4367 aemulos,
2012 4252 2096 4376 qui
2118 4254 2174 4346 iis

664 4411 986 4527 incumbunt,
1016 4410 1180 4504 eodem
1212 4409 1366 4521 colore
1395 4409 1568 4503 tinctos
1599 4409 1719 4520 vidi;
1749 4381 2000 4501 teneriores
2027 4409 2175 4504 etiam

664 4567 785 4661 mihi
816 4588 1141 4696 apparuerunt
1169 4598 1318 4692 quam
1343 4599 1429 4695 par
1459 4587 1546 4684 est,
1583 4567 1698 4690 quia
1724 4563 1950 4659 facillimo
1985 4565 2173 4760 negotio

661 4725 1024 4851 rumpebantur.

736 4881 980 4998 Ceterum,
1000 4880 1129 5005 quod
1145 4879 1206 4975 ad
1224 4880 1544 4975 concretiones
1567 4879 1773 5008 lapideas
1789 4878 1979 4992 attinet,
1995 4874 2173 5004 pluries

663 5040 845 5156 inveni,
870 5038 955 5133 has
971 5041 1233 5133 admodum
1260 5040 1491 5135 adhaerere
1517 5040 1686 5155 nervis,
1708 5039 1848 5152 adeo,
1876 5057 2057 5132 utnon
2079 5033 2170 5128 nisi

661 5198 707 5290 ri
743 5197 950 5324 quadam
989 5197 1051 5292 ab
1089 5196 1187 5291 istis
1216 5195 1352 5290 avelli
1382 5197 1641 5326 potuerint.
1684 5195 1853 5291 Praeter
1885 5192 2171 5322 pulmonem
