5076 6816
1391 693 1486 804 ¹4²

682 933 790 1004 vero
817 903 1051 1036 judicium
1079 905 1137 998 de
1160 937 1264 998 vera
1295 903 1493 997 istorum
1518 901 1782 996 humorum
1809 904 2052 998 existentia
2081 908 2193 1004 sera·

683 1097 813 1179 mus,
850 1063 898 1156 id
923 1084 1084 1156 tamen
1113 1082 1293 1154 certum
1324 1078 1487 1151 manet
1509 1080 1556 1150 et
1580 1058 1807 1172 evictum,
1835 1061 1966 1182 quod
1991 1085 2189 1190 systema

683 1218 986 1312 abdominale
999 1216 1302 1330 'sensitivum,
1319 1215 1544 1342 primario
1560 1213 1632 1306 vel
1651 1215 1927 1308 secundario
1947 1214 2189 1334 affectum,

684 1363 954 1469 abdominis
980 1355 1282 1501 aegritudines
1304 1372 1355 1462 in
1387 1371 1707 1498 organismum
1743 1363 2063 1497 transponat:
2093 1406 2191 1496 quo

684 1527 760 1646 fit,
784 1551 839 1622 ut
858 1529 1135 1658 pathologiae
1156 1526 1395 1620 humorali
1424 1527 1598 1619 addicti
1625 1525 1942 1621 nihilominus
1964 1529 2023 1620 ad
2052 1531 2192 1622 actio-

685 1714 797 1778 nem
827 1719 1070 1778 nervosam
1091 1685 1338 1811 confugere
1365 1702 1614 1810 cogantur,
1633 1681 1945 1809 phaenomena
1974 1684 2189 1778 morbosa

685 1842 972 1969 explicaturi.

756 2004 796 2118 l.
819 1991 928 2090 135.
958 1997 1050 2092 Sed
1070 2017 1219 2089 status
1233 1993 1575 2124 physiologicus
1597 1993 1692 2120 ipse
1709 2015 1853 2116 atque
1872 1995 2188 2120 experimenta

686 2156 739 2249 in
757 2155 881 2247 sanis
896 2152 1175 2246 hominibus
1191 2173 1324 2278 capta
1337 2152 1685 2263 demonstrant,
1704 2145 1844 2272 quale
1860 2149 2114 2276 imperium
2129 2153 2192 2248 sit

684 2311 869 2437 sphaerae
888 2341 1085 2403 nervosae
1102 2308 1231 2400 nutri
1238 2308 1339 2400 tivae
1353 2307 1404 2398 in
1420 2305 1647 2435 sphaeram
1665 2337 1906 2398 nervosam
1920 2306 2191 2404 animalem.
2305 2405 2311 2416 ,

686 2465 940 2582 Quantum
961 2467 1092 2557 enim
1118 2463 1331 2586 quotidie
1357 2463 1654 2556 observamus
1673 2491 1954 2555 consensum
1978 2464 2103 2558 inter
2122 2498 2191 2559 ro·

683 2622 778 2714 bur
791 2645 985 2715 artuum
1001 2643 1281 2712 etsensuum
1300 2618 1977 2746 cumvisceribusdigestionis?
1993 2616 2190 2716 Geome-

685 2797 780 2889 tra,
808 2777 891 2900 qui
919 2798 1030 2867 ante
1049 2775 1309 2902 prandium
1332 2773 1619 2866 difficillimae
1639 2775 1884 2897 quaestioni
1914 2774 2189 2871 resolvendae
2260 2755 2266 2760 ⁵

686 2934 884 3024 idoneus
909 2950 1026 3045 erat,
1057 2963 1083 3022 a
1108 2929 1231 3058 larga
1260 2929 1496 3021 cibatione
1521 2949 1649 3022 totus
1676 2929 1892 3023 hebescit.
1919 2931 2046 3023 Hinc
2064 2965 2189 3025 sum·

685 3121 765 3181 mo
791 3115 900 3180 cum
929 3088 1032 3213 jure
1062 3086 1178 3178 dicit
1199 3081 1573 3180 Boerlzaavius¹=
1596 3085 1842 3202 ,Quando
1864 3087 2033 3213 scripta
2054 3089 2187 3182 video

685 3313 705 3354 «
758 3267 804 3338 et
838 3242 1071 3365 colloquia
1101 3241 1391 3368 sapientum,
1423 3243 1506 3366 qui
1543 3264 1721 3368 putant
1748 3245 1952 3369 pendere
1976 3277 2003 3334 a
2031 3246 2188 3372 seipsis

684 3469 706 3510 4,
758 3401 875 3524 quid
901 3397 1131 3525 cogitant,
1155 3399 1303 3490 miror
1325 3400 1570 3520 quomodo
1600 3397 1726 3490 solus
1752 3399 1883 3492 cibus
1904 3422 2057 3526 potest
2082 3403 2188 3494 sub

683 3573 719 3665 «'
756 3589 958 3684 mergere
991 3554 1123 3647 illam
1152 3554 1321 3646 divinae
1355 3552 1558 3646 llammae
1589 3554 1885 3681 particulam.
1912 3567 1933 3608 ’
1968 3555 2189 3652 Assumat

684 3713 855 3838 aliquis
881 3744 1023 3804 sanus
1057 3710 1341 3804 mediocrem
1375 3709 1511 3802 dosin
1546 3709 1642 3836 opii
1666 3710 1738 3802 vel
1763 3709 1962 3839 alicujus
1990 3712 2189 3805 medica·

683 3870 836 3962 menti
855 3867 1097 3982 venenosi,
1118 3864 1452 3988 qualecunque
1467 3865 1546 3978 sit,
1565 3865 1765 3992 exempli
1784 3867 1954 3993 gratia,
1970 3869 2090 3960 acidi
2106 3867 2188 3998 hy·

683 4023 951 4154 drocyanici
973 4063 984 4114 ε
1006 4056 1114 4115 mox
1136 4024 1307 4116 sentiet
1328 4020 1684 4135 temulentiam,
1706 4021 1871 4149 capitis
1890 4024 2186 4153 gravitatem,

683 4203 877 4273 artuum
905 4178 1203 4306 languorem,
1232 4178 1477 4293 inertiam,
1507 4178 1759 4292 titubabit,
1778 4201 1886 4296 etc,
1914 4180 2024 4273 licet
2044 4181 2188 4272 medi·

683 4356 958 4428 cementum
985 4333 1232 4426 ventriculi
1257 4333 1431 4426 limites
1462 4335 1682 4428 nondum
1711 4336 1772 4429 sit
1796 4355 2141 4464 transgressum.

754 4496 795 4611 ς.
824 4488 933 4582 136.
966 4489 1167 4618 Cognito
1186 4489 1530 4620 antagonismo,
1544 4491 1630 4614 qui
1651 4492 1774 4584 inter
1785 4511 1981 4619 systema
2002 4492 2188 4586 obtinet

681 4677 931 4741 nervosum
956 4645 1258 4739 abdominale
1282 4668 1329 4740 et
1352 4669 1550 4776 systema
1579 4647 1827 4763 cerebrale,
1854 4679 1956 4742 non
1980 4649 2186 4777 amplius

682 4802 972 4930 mirabimur,
985 4825 1156 4895 mortes
1173 4801 1463 4919 subitaneos,
1482 4835 1587 4927 quae
1606 4836 1690 4930 per
1700 4799 1958 4935 paralysin
1975 4837 2056 4899 scu
2072 4836 2186 4935 apo-

675 4955 891 5093 plexiam
923 4953 1211 5088 cephalicam
1243 4960 1454 5051 emedio
1488 4959 1669 5053 tollunt
1698 4983 1895 5089 aegrotos.
1938 4960 2183 5085 Quicquid

682 5117 809 5208 enim
849 5115 1031 5207 dictum
1058 5138 1201 5240 atque
1229 5113 1397 5209 litteris
1426 5116 1710 5211 mandatum
1731 5139 1798 5212 est
1826 5119 1884 5212 de
1917 5112 2181 5246 apoplexia,

730 5329 739 5358 ¹
764 5325 911 5390 Praelect.
930 5327 1098 5409 academ,
1111 5327 1180 5391 vol.
1199 5309 1385 5412 471²&ssss-
