5076 6816
1057 705 1174 824 ‚rob

365 934 530 998 carere.
564 905 829 1031 Nunquam
856 942 959 1004 vere
983 915 1245 1040 comparari
1272 936 1470 1042 possunt
1498 945 1588 1030 ros,
1622 944 1728 1040 quae
1750 910 1877 1006 dissi·

364 1059 581 1153 militatis
608 1095 745 1156 causa
775 1070 1179 1193 comparationem
1207 1103 1308 1164 non
1337 1071 1617 1180 admittunt,
1733 1179 1736 1186 ,

438 1216 680 1334 Ceterum,
703 1222 822 1344 quid
841 1246 991 1340 vetat,
1013 1226 1135 1349 quin
1160 1226 1211 1318 in
1231 1226 1409 1354 plantis
1437 1259 1490 1319 ac
1516 1229 1568 1320 in
1587 1222 1872 1319 animalium

362 1371 820 1499 simplicissimorum
839 1381 1086 1508 generibus
1108 1383 1205 1474 vim
1233 1416 1539 1512 agnoscamus
1559 1382 1752 1510 energiae
1775 1411 1877 1514 nors

363 1557 480 1620 rosae
501 1528 771 1658 analogam‚
796 1567 900 1660 quae
922 1537 973 1628 in
996 1537 1130 1631 omni
1157 1540 1417 1632 eorundem
1438 1537 1702 1632 substantia
1725 1535 1876 1664 rigeat

363 1680 502 1812 longe
540 1683 729 1810 lateque
759 1689 969 1788 diffusa?
1015 1695 1189 1789 Nonne
1225 1696 1426 1787 eandem
1464 1694 1585 1808 vim,
1603 1723 1769 1815 ‚quam
1805 1690 1875 1783 fu-

364 1838 537 1933 niculis
577 1845 920 1941 medullaribus
963 1848 1194 1945 adhaerere
1233 1851 1447 1948 videmus
1489 1851 1541 1942 in
1584 1845 1874 1970 animalibus

364 1998 773 2127 nervispraeditis,
815 2004 897 2097 alii
932 2019 1105 2134 organo
1144 2009 1350 2102 tribuere
1389 2007 1551 2134 potuit
1586 2025 1782 2119 natura,
1820 2003 1872 2134 in

362 2156 697 2280 vegetabilibus
727 2184 872 2286 atque
905 2163 1173 2291 zoophytis‚
1203 2163 1402 2292 exempli
1429 2163 1598 2292 gratia,
1630 2157 1872 2281 contextui

364 2340 462 2430 quo
481 2331 841 2440 componuntur
864 2319 1117 2414 cellulosol
1148 2320 1306 2436 Certe,
1325 2321 1362 2413 si
1387 2317 1613 2428 animalia
1635 2316 1871 2440 quaedam,

362 2484 469 2561 tum
506 2490 555 2562 et
587 2470 785 2596 plantae,
824 2493 1014 2569 'motum
1043 2477 1177 2571 edere
1203 2499 1402 2603 possunt
1436 2476 1612 2598 absque
1640 2492 1872 2598 apparatu

362 2623 637 2741 mussulam,
653 2631 924 2723 cursentire
942 2654 1085 2754 atque
1103 2628 1358 2726 stimulum
1376 2629 1610 2759 percipere
1631 2658 1731 2719 non
1747 2647 1873 2752 pote-

361 2799 478 2871 runt
490 2780 666 2905 absque
679 2815 932 2881 nervorum
943 2788 1268 2884 adminiculo?
1282 2789 1431 2914 Igitur
1446 2818 1546 2896 non
1565 2817 1743 2898 necesse
1758 2783 1870 2897 luit,

361 2956 418 3026 ut
438 2935 487 3028 in
513 2937 721 3032 inferiori
742 2921 1028 3040 animalium
1048 2944 1168 3039 scala
1187 2941 1422 3072 peculia-re
1439 2943 1615 3038 adesset
1633 2963 1868 3070 organon,

359 3091 495 3222 cujus
511 3095 556 3188 vi
574 3118 718 3221 atque
735 3103 948 3226 potentia
966 3102 1244 3200 nutritionis
1263 3101 1505 3230 negotium
1525 3120 1869 3228 promoveatur.

435 3244 499 3343 αἶ’
541 3251 661 3368 Quae
689 3257 765 3354 de„
781 3259 1048 3352 nutritione
1079 3259 1174 3352 dixi
1207 3259 1259 3352 in
1281 3290 1476 3386 genere,-
1517 3257 1682 3348 eadem
1708 3254 1870 3349 valent
1932 3239 1935 3246 ¹

358 3405 418 3500 de
448 3405 785 3506 secretionibus
811 3410 1084 3527 humorum,
1116 3415 1231 3538 quia
1259 3414 1393 3514 istius
1420 3411 1771 3507 mechanismus
1804 3441 1868 3502 se·

357 3553 616 3662 cretionem
656 3571 898 3698 supponit
1023 3597 1026 3602 ·

429 3722 692 3818 Nemorum
720 3727 839 3819 rami
875 3749 1020 3851 atque
1046 3726 1248 3842 surculi,
1281 3725 1497 3854 perpetui
1524 3745 1642 3818 sunt
1672 3723 1866 3816 comites

356 3879 668 3996 arteriarum,
708 3882 765 3976 in'
795 3915 1003 4007 quarum
1038 3885 1131 3978 tela
1165 3882 1384 3976 cellulosa
1419 3878 1675 4005 finiuntur,
1721 3879 1864 3996 Venae

358 4033 516 4127 nullos
546 4067 709 4131 nervos
735 4040 1007 4166 accipiunt,
1045 4041 1223 4167 quippe
1260 4069 1366 4163 quae
1401 4038 1453 4130 in
1487 4035 1755 4132 secretionis
1787 4067 1864 4130 no-

354 4192 480 4319 gotio
505 4195 683 4319 passivo
713 4216 906 4290 tantum
930 4231 978 4290 se
1000 4196 1182 4291 habent
1211 4227 1353 4288 more.
1386 4194 1574 4293 Ductus
1595 4191 1860 4308 ‚excretorib

356 4341 658 4465 econtrario,
686 4385 741 4444 ex
769 4353 991 4449 unanimi
1014 4352 1395 4446 anatomicorum
1419 4347 1676 4462 sententia,
1711 4349 1863 4442 nervis

355 4503 520 4597 donati
556 4528 692 4622 sunt,
732 4539 852 4631 quos
883 4510 980 4637 ipse
1006 4509 1101 4601 vidi
1138 4507 1376 4600 inductu
1414 4503 1724 4618 choledocbo‚
1762 4537 1862 4598 urc-

354 4659 558 4775 teribus,
606 4683 710 4757 vase
748 4665 984 4766 deserente
1030 4661 1261 4782 (testiculi
1295 4660 1543 4778 morbosi).
1598 4639 1768 4778 Quum
1807 4660 1859 4752 in

352 4797 590 4910 ductuum
630 4822 992 4914 excretoriorum
1029 4820 1210 4917 truncis
1248 4851 1301 4912 ea
1337 4817 1551 4910 obtineat
1591 4802 1742 4933 ratio,
1786 4817 1858 4910 nil

351 4993 499 5087 vetat,
516 4975 637 5096 quin
655 4977 707 5078 in
725 4978 993 5072 minoribus
1008 5009 1172 5073 eorum
1196 4974 1338 5070 ramis
1351 4973 1496 5066 simili
1517 4972 1659 5066 modo
1684 4973 1769 5091 ista
1786 5007 1859 5066 ra-

351 5121 446 5219 leat
461 5128 604 5223 rhinc
622 5166 649 5224 a
669 5135 814 5261 priori
837 5157 884 5228 ct
905 5168 959 5228 ex
980 5134 1284 5262 dispositione
1305 5129 1569 5226 anatomica
1586 5129 1684 5256 jam
1704 5126 1856 5257 colligi

351 5306 528 5425 potest,
564 5289 661 5388 vim
698 5325 790 5390 esse
823 5313 983 5416 atque,
1001 5269 1255 5426 imperium
1277 5320 1541 5388 nervorum
1578 5287 1631 5384 in
1663 5317 1767 5382 vasa
1794 5320 1857 5380 se-
