5076 6816
1096 689 1186 770 1⁹21

386 915 681 1017 organorum.
705 912 760 984 et.
785 891 845 984 in
869 885 1107 986 humores·
1128 893 1262 1019 ipsos¹
1278 891 1609 1017 irrumpente,·
1625 883 1891 1009 doncc‘qua

386 1041 508 1137 data.
532 1066 668 1172 porta
704 1045 854 1140 effluit
887 1071 1010 1140 cum
1040 1047 1228 1176 insigni·
1246 1046 1477 1140 levamine
1516 1045 1682 1173 aegroti.
1729 1033 1892 1156 Dum,

385 1199 585 1326 exempli
603 1203 769 1329 gratia,
794 1231 964 1295 venam
984 1227 1193 1297 secamus
1220 1205 1272 1294 in
1292 1201 1469 1294 morbis
1491 1197 1892 1312 inflammatoriis,

384 1356 629 1481 saepissime
646 1359 910 1484 sopiuntur¹
923 1379 1258 1485 symptomata,
1278 1380 1325 1450 et
1347 1378 1538 1484 repente
1562 1356 1767 1448 actiones
1783 1379 1894 1443 ano·

386 1509 521 1603 malae
535 1512 595 1604 ad
612 1509 855 1638 placidum
875 1516 1171 1608 reducuntur
1189 1537 1426 1628 tenorem,
1450 1546 1505 1606 ex
1522 1546 1573 1604 ca
1591 1509 1893 1637 potissimum

386 1661 586 1781 ratione,
608 1669 719 1790 quia
744 1701 856 1762 cum
875 1669 1119 1796 sanguinis
1136 1671 1315 1795 jactura
1340 1667 1462 1760 illud
1481 1666 1758 1760 detrahitur
1765 1663 1894 1788 prin*

385 1821 591 1946 cipium3
631 1825 760 1947 quod
778 1897 783 1908 .
800 1825 989 1921 laticem
1021 1825 1212 1919 vitalem
1252 1825 1305 1916 in
1346 1815 1716 1917 effervescentem
1758 1819 1891 1942 q'uasi

385 1976 598 2102 rapiebat
626 2000 837 2093 motum,
874 1982 1061 2103 et-quia
1098 1979 1272 2106 duplex
1301 1981 1539 2107 peragitur
1566 1975 1784 2104 spoliatio
1808 1973 1893 2101 per

385 2130 579 2225 unicam
608 2132 1008 2258 phlebotomiam,
1037 2166 1239 2228 nervosa·
1256 2166 1427 2260 nempe
1452 2156 1596 2256 atque
1624 2127 1891 2258 sanguinea.

457 2285 515 2377 ln
545 2285 649 2378 aliis
686 2277 882 2420 casibus*
909 2291 1114 2414 impetus
1147 2285 1365 2383 nervosus
1401 2288 1460 2380 ad
1493 2321 1597 2381 vasa
1629 2285 1784 2378 tendit
1805 2269 1895 2374 'ca-⁵

382 2437 590 2565 pillaria,
619 2439 852 2534 colatoriis
867 2443 1178 2536 naturalibus
1208 2444 1397 2570 propria
1422 2480 1433 2533 ε
1457 2449 1555 2566 'quo
1580 2438 1659 2555 fit,
1687 2462 1746 2532 ut
1765 2469 1894 2566 ‘orga-¹

323 2609 328 2616 ’
384 2593 568 2696 nismus
589 2627 674 2720 per
700 2597 1116 2723 transpirationem
1135 2618 1386 2690 cotaneam
1408 2619 1455 2689 et
1477 2597 1684 2689 halitum
1706 2593 1894 2722 pulmon

385 2747 545 2840 nalem
579 2747 805 2843 liberetur
823 2782 863 2841 a
896 2751 1133 2878 principio
1159 2745 1365 2844 nervoso
1406 2729 1701 2844 exuberante.
1757 2749 1895 2842 Patet

382 2902 498 2995 hinc
523 2905 765 3028 quomodo
786 2903 1091 3000 morbifiunt
1106 2908 1385 3034 contagiosi:
1406 2906 1699 3034 organismus
1720 2897 1895 3032 nempe

383 3057 616 3176 elaborat,
651 3082 815 3184 atquc,
856 3061 1055 3154 actionis
1099 3095 1300 3157 nervosae
1336 3051 1931 3189 ope‚·evolvitmias1'na'

383 3215 620 3318 nocivum.
656 3216 759 3308 Hoc
786 3217 1030 3316 materiem
1063 3219 1311 3311 constituit
1332 3216 1781 3343 imponderabilem‚
1810 3193 1923 3342 gaz*

383 3398 589 3468 nervosov
603 3371 688 3496 ipsi
709 3371 975 3498 analogam,
996 3395 1044 3470 et
1066 3371 1375 3497 probabiliter
1402 3373 1464 3463 ab
1492 3405 1547 3463 eo
1572 3371 1892 3463 emanantem.

384 3524 485 3618 Hac
504 3525 731 3650 opinione
762 3528 981 3642 admissa,
1005 3558 1106 3619 non
1139 3526 1423 3620 mirabimur
1449 3527 1691 3650 quomodo
1711 3523 1814 3639 fiat,
1835 3541 1893 3619 ut'
1955 3549 1959 3558 “

384 3680 583 3802 quodvis
618 3681 816 3774 miasma
856 3681 1071 3774 animale
1102 3682 1375 3774 immediate
1406 3712 1655 3773 nervosum
1692 3681 1891 3809 systema

383 3835 543 3950 feriat,
579 3856 636 3928 ut
663 3836 724 3928 ab
752 3870 806 3929 eo
834 3837 933 3929 solo
970 3823 1257 3965 percipiatur
1290 3861 1338 3930 et
1374 3837 1584 3963 ejusdem
1615 3837 1890 3962 temperiem

383 4013 570 4085 mutet:
601 3991 909 4084 fabrefactum
932 3995 1064 4085 enim
1091 3995 1184 4086 luit
1205 3992 1266 4085 ab
1296 3992 1422 4119 ipso,‘
1441 3991 1720 4084 affinitatem
1746 3983 1892 4085 habet
1923 3961 1932 4030 1

383 4151 494 4238 cum'
532 4145 741 4272 ejusdem
774 4147 1011 4274 principio
1046 4133 1236 4258 subtili}
1273 4149 1428 4241 tendit
1458 4180 1511 4239 eo
1536 4148 1665 4240 unde
1691 4135 1933 4240 enatum

312 4297 317 4306 ’
383 4323 461 4396 est.
499 4303 557 4394 In
583 4304 809 4397 omnibus
844 4303 988 4430 igitur
1018 4305 1227 4398 febribus
1254 4303 1529 4432 contagiosis
1560 4323 1756 4430 systema
1773 4303 1892 4396 'ner-

382 4489 548 4552 vosum
571 4456 691 4550 illud
708 4491 800 4551 esse
820 4461 976 4576 credo,
1002 4461 1131 4585 quod
1143 4493 1237 4586 prae
1255 4460 1358 4552 aliis
1373 4459 1594 4572 afficitur,
1613 4457 1891 4584 cujusactio

382 4643 589 4738 perversa
626 4645 721 4739 prae
751 4614 854 4706 aliis
893 4617 1094 4730 eminet,
1132 4637 1180 4708 et
1212 4616 1343 4738 quod
1374 4613 1551 4726 fluide,
1593 4643 1690 4736 quo
1720 4634 1889 4729 scatet,

384 4766 956 4895 imponderabilipravam
976 4771 1185 4863 indolem
1204 4771 1497 4896 impertitur,
1514 4770 1728 4893 sequenti
1745 4770 1897 4862 modo·
1936 4757 1943 4769 ¹

381 4953 429 5014 sc
461 4923 657 5015 habenti
696 4924 749 5014 in
787 4925 891 5050 istis
920 4926 1132 5020 morbis:
1172 4917 1229 5016 r.'⁰
1261 4924 1427 5017 Effluit
1459 4924 1605 5054 istud,
1645 4947 1692 5044 et
1727 4927 1887 5058 vapori

383 5087 603 5192 cotanen,
638 5079 702 5170 sic
737 5102 786 5171 et
818 5081 1108 5205 pulmonali‚
1141 5081 1364 5175 miscetur
1398 5081 1450 5172 in
1488 5078 1696 5171 febribus
1730 5082 1907 5177 atacti-.

384 5233 581 5332 cissive·
599 5235 922 5365 adynamicis.·
950 5231 1014 5333 2.⁰
1045 5237 1361 5335 Connubium
1390 5236 1484 5332 init
1512 5261 1633 5327 ¹cum
1659 5238 1888 5366 sanguine

1499 5388 1560 5482 16
