5080 6812
1095 737 1155 832 77

370 915 649 1042 propagines
697 917 757 1010 ad
801 937 1046 1013 contentas
1093 922 1145 1012 in
1192 918 1382 1016 thorace
1430 939 1574 1044 atque
1626 920 1883 1051 abdomine

369 1091 524 1195 partes
545 1073 838 1199 dispertiant.
868 1075 1030 1169 Credit
1049 1078 1210 1192 etiam,
1230 1101 1277 1173 et
1294 1077 1571 1172 anatomicis
1590 1078 1883 1170 demonstrat

368 1223 895 1347 administrationibus,
939 1234 1142 1326 radicem
1187 1233 1483 1361 splanchnici
1532 1234 1660 1350 nervi
1713 1265 1881 1352 unam-

370 1410 614 1514 quamque
642 1406 854 1484 constare
885 1390 1099 1514 primum
1127 1423 1152 1482 e
1184 1388 1469 1482 staminibus
1503 1390 1633 1482 nervi
1663 1390 1913 1486 intereos.

369 1534 493 1652 talis,
529 1569 609 1632 seu
644 1540 983 1668 plerorumque
1017 1545 1276 1671 spinolium
1312 1545 1649 1673 propaginibus
1659 1583 1671 1655 ;
1706 1543 1879 1636 deinde
1948 1601 1954 1614 -

367 1721 422 1782 ex
456 1696 741 1792 staminibus
781 1731 1034 1800 nervorum
1068 1700 1352 1816 dorsalium,
1391 1701 1443 1794 in
1474 1699 1689 1822 quolibet
1726 1698 1877 1824 spatio

367 1844 651 1950 intercostali
680 1888 707 1946 a
741 1858 878 1983 spina
915 1859 1038 1952 dorsi
1069 1860 1129 1951 ad
1162 1848 1383 1989 ganglion
1425 1855 1719 1948 thoracicum
1755 1885 1878 1947 acce·

365 2002 613 2118 dentium;
647 2011 878 2136 denique,
906 2047 931 2104 e
957 2015 1243 2110 staminibus
1273 2014 1453 2136 quintae
1482 2032 1530 2104 et
1558 2033 1691 2102 sextae
1715 2008 1877 2137 conju-

362 2161 623 2294 gationum*
655 2167 716 2264 ad
751 2168 996 2267 cerebrum
1033 2169 1403 2272 advenientium.
1456 2165 1619 2284 Quam
1652 2165 1875 2290 altissima

364 2311 510 2440 hujus
548 2321 677 2412 nervi
711 2322 868 2450 origo!

435 2472 476 2562 E
502 2473 599 2566 suis
622 2478 951 2602 experimentis
978 2478 1256 2571 concludere
1286 2475 1438 2571 voluit
1466 2471 1676 2606 Scorpo,
1703 2475 1874 2571 viscera

299 2683 300 2688 κ
364 2625 549 2742 omnia,
580 2631 757 2752 quibus
787 2667 814 2726 a
845 2619 1038 2763 gangliis
1069 2635 1198 2727 nervi
1234 2630 1541 2734 intercostalis
1567 2632 1872 2758 prospicitur,

363 2810 527 2875 nervos
558 2787 764 2917 accipere
783 2791 1065 2918 compositos
1099 2788 1392 2914 expluribus
1418 2787 1744 2920 distinctisque
1767 2818 1875 2914 con-

361 2933 708 3062 jugationibus,
744 2977 953 3068 quarum
995 2947 1193 3074 origines
1227 2966 1335 3038 tum
1369 2944 1430 3035 ad
1467 2941 1735 3062 cerebrum,
1765 2961 1874 3040 tum

363 3092 422 3183 ad
449 3095 681 3220 spinalem
722 3102 984 3198 medullam
1020 3125 1138 3200 sunt
1167 3100 1427 3203 referendae.

433 3247 484 3342 Si
521 3252 757 3348 subtiliori
792 3258 905 3352 huic
938 3259 1190 3356 encheiresi
1228 3254 1342 3349 fides
1379 3275 1493 3348 essct
1529 3251 1773 3365 habenda,
1810 3284 1873 3344 se·

287 3447 294 3456 ·
358 3429 609 3525 queretur,
653 3415 783 3534 quod
834 3415 1017 3544 ganglia
1067 3413 1196 3506 nervi
1243 3409 1549 3505 intercostalis
1585 3407 1655 3498 nil
1695 3439 1780 3532 per
1825 3439 1872 3498 se

359 3563 678 3682 constituant,
719 3569 949 3694 nullaque
979 3571 1023 3661 vi
1057 3569 1249 3696 praedita
1279 3568 1378 3663 sint
1395 3603 1407 3675 ;
1448 3565 1526 3658 sed
1568 3563 1697 3687 quod
1739 3561 1870 3654 nervi

357 3714 615 3829 viscerum,
646 3757 700 3817 ex
734 3722 826 3819 illis
857 3747 1160 3853 emergentes,
1198 3757 1224 3814 e
1255 3721 1464 3822 medulla
1495 3716 1666 3846 spinali
1700 3738 1747 3809 et
1779 3748 1871 3812 me·

359 3870 521 3968 diante
552 3878 725 3999 quinto
756 3903 803 3975 et
832 3903 959 3978 sexto
988 3881 1090 4007 pari
1116 3912 1142 3972 e
1169 3879 1355 3986 cerebro
1387 3896 1626 3969 emanent.
1806 3985 1809 3992 Ι
1838 3987 1844 3998 ¹

344 4087 349 4092 -
431 4028 568 4123 Certe
591 4034 919 4130 celeberrimus
941 4059 1127 4151 auctor,
1147 4035 1291 4128 nimis
1309 4031 1588 4126 anatomicis
1605 4028 1868 4124 rationibus

302 4229 307 4236 ·
357 4177 487 4300 fisus,
515 4188 842 4287 mechanicam
867 4192 1009 4320 plane
1033 4192 1320 4286 sententiam
1350 4191 1409 4282 de
1429 4217 1681 4284 nervorum
1706 4183 1868 4276 indole

356 4359 500 4461 atque
538 4374 627 4436 usu
659 4347 934 4450 adsumsisse
964 4349 1085 4440 mihi
1118 4348 1315 4452 videtur.
1651 4475 1654 4482 ἢ

425 4499 466 4614 l.
498 4497 581 4622 98.
619 4501 806 4596 Primus
842 4506 1063 4628 quidem,
1105 4505 1191 4628 qui
1228 4494 1503 4610 Winslowii
1538 4519 1682 4620 atque
1718 4487 1865 4609 John-

247 4701 253 4715 ν
352 4653 499 4748 saniz·
522 4660 806 4762 sententiam
836 4664 982 4790 magis
1007 4661 1229 4774 excoluit,
1255 4680 1303 4754 et
1330 4656 1475 4785 magis
1496 4651 1860 4781 physiologicam

351 4805 410 4898 de
448 4839 589 4908 nervo
624 4817 966 4943 sympathetico
988 4840 1150 4940 ,atque
1180 4813 1373 4945 gangliis
1403 4809 1648 4938 proposuit
1679 4807 1857 4930 ideam,

350 4961 747 5089 ingeniosissimus
786 4974 878 5067 luit
920 4970 1114 5083 Bielzat,
1160 4973 1292 5099 juxta
1329 4999 1473 5092 quem
1519 4985 1676 5059 totum
1725 4960 1858 5054 istius

351 5121 480 5211 nervi
504 5144 720 5250 systema,
745 5132 874 5251 quod
907 5132 1011 5224 vitae
1033 5129 1256 5257 organicae
1277 5125 1383 5243 (seu
1408 5119 1669 5235 nutritivae)
1699 5115 1855 5210 solum

346 5274 593 5396 adscribit,
634 5281 703 5382 nil
738 5284 868 5380 aliud
905 5309 972 5386 est
1005 5279 1105 5380 nisi'
1126 5283 1358 5411 congeries
1391 5298 1662 5372 centrorum
1694 5270 1855 5366 multi-
