5080 6812
1401 701 1466 790 30

677 911 860 1027 dentes,
876 931 943 1026 et,
963 909 1047 1004 ubi
1068 941 1268 1010 nervum
1286 911 1685 1040 sympatheticum
1703 912 1984 1040 attigerunt,
2003 909 2186 1040 ganglia

678 1069 934 1162 formantes
977 1088 1032 1162 ut
1074 1067 1342 1198 plurimum
1380 1065 1537 1199 figurae
1575 1066 1750 1194 planae,
1794 1101 2083 1194 compressae,
2127 1069 2188 1159 ad

678 1225 825 1316 instar
847 1223 1041 1338 stellulae
1062 1225 1271 1341 radiatae,
1301 1257 1327 1316 e
1357 1223 1534 1347 quibus
1563 1222 1735 1316 ramuli
1767 1257 1878 1316 mox
1907 1224 2095 1316 dicendi
2115 1224 2188 1315 ¹ad

677 1377 1261 1508 organaproficiscuntur.
1393 1405 1396 1410 ·

747 1541 787 1656 l.
813 1545 891 1652 4ο.
930 1539 987 1628 In
1007 1536 1151 1664 pelvi,
1176 1535 1482 1652 econtrario,
1511 1535 1631 1630 rami
1655 1567 1909 1628 nervorum
1927 1533 2188 1661 spinalium

676 1694 1005 1790 anastomotici
1037 1694 1299 1786 admodum
1330 1712 1447 1787 sunt
1481 1691 1658 1806 breves,
1693 1712 1740 1786 et
1762 1690 1946 1820 ganglia
1977 1691 2192 1804 efficiunt

678 1849 729 1942 in
753 1871 924 1958 trunco
955 1850 1085 1946 nervi
1111 1848 1438 1978 sympathetici
1461 1882 1603 1975 parva
1623 1870 1670 1940 et
1696 1849 1914 1941 rotunda.
1950 1825 2191 1942 Nonraro

674 2004 857 2133 ganglia
894 2005 1083 2097 sacralia
1126 2008 1223 2098 duo
1255 2004 1426 2098 ultima
1471 2001 1724 2119 deficiunt,
1768 2003 1984 2128 quamvis
2021 2033 2196 2094 nervus

676 2159 984 2254 intercostalis
1006 2161 1102 2285 ipse
1132 2194 1243 2253 cum
1274 2181 1444 2284 quarto
1472 2182 1519 2254 et
1552 2162 1725 2285 quinto
1748 2163 1849 2287 pari
1881 2157 2064 2271 sacrali,
2093 2157 2192 2248 bre·

676 2315 864 2408 vissimo
881 2336 928 2407 et
947 2317 1202 2409 tenerrimo
1220 2315 1426 2433 ramulo,
1452 2316 1688 2412 cohaereat.
1709 2319 1808 2410 Istew
1821 2348 1991 2408 nervus
2010 2316 2193 2406 descen-

678 2471 833 2563 dendo
863 2471 1038 2564 sensim
1066 2468 1124 2564 fit
1151 2473 1389 2600 gracilior,
1422 2494 1488 2596 et,
1520 2506 1676 2594 versus
1706 2473 1886 2599 apicem
1914 2471 2024 2564 ossis
2050 2467 2190 2584 sacri,

679 2629 808 2718 nervi
832 2625 1161 2754 sympathetici
1188 2628 1437 2750 utriusque
1464 2626 1621 2720 lateris
1643 2629 1702 2719 ad
1731 2661 1777 2719 se
1800 2627 2001 2718 invicem
2029 2657 2194 2752 appr0÷

678 2783 922 2909 pinquant
947 2815 1000 2874 ac
1022 2795 1330 2911 convergunt,
1351 2804 1398 2875 et
1421 2784 1629 2907 denique
1655 2782 1834 2910 duplici
1854 2785 1996 2876 modo
2017 2779 2194 2873 finiun-

680 2959 800 3031 tur:
834 2959 920 3034 aut
957 2937 1088 3030 enim
1136 2941 1338 3063 quisque
1376 2971 1548 3031 nervus
1582 2941 1635 3032 in
1670 2940 1932 3030 minimum
1972 2937 2197 3066 ganglion

681 3095 986 3208 terminatur,
1011 3127 1038 3185 a
1062 3094 1157 3186 situ
1180 3127 1463 3225 coeeygeum
1480 3095 1685 3208 dictum,
1706 3126 1730 3185 e
1753 3125 1851 3217 quo
1875 3094 2053 3187 surculi
2077 3125 2195 3223 egre

682 3251 885 3342 diuntur
908 3248 968 3340 ad
1005 3249 1150 3342 telam
1184 3249 1474 3363 cellulosam,
1516 3270 1627 3356 ante
1663 3249 1865 3378 coccygia
1897 3251 2078 3378 apicem
2115 3283 2196 3377 po

681 3407 820 3499 sitam
832 3445 844 3516 ;
864 3426 948 3497 aut
968 3407 1064 3500 duo
1084 3439 1337 3499 nervorum
1356 3403 1475 3499 fines
1496 3407 1818 3534 convergendo
1846 3408 2201 3521 inosculantur,›

682 3595 787 3685 quo.
810 3591 922 3653 ansa
954 3561 1176 3676 efficitur,
1211 3562 1402 3688 eonjus
1424 3562 1714 3654 convexitate
1734 3563 1909 3656 surculi
1934 3565 2021 3656 'isti
2046 3584 2196 3656 tener-

683 3719 792 3810 rimi
823 3718 883 3810 ad
923 3717 1066 3811 telam
1101 3717 1372 3812 cellulosam
1406 3719 1712 3812 emittuntur.
1758 3719 2015 3846 Duplicem
2049 3719 2200 3814 istuml

668 3872 884 3967 liniendi
915 3875 1115 3966 modum
1144 3885 1267 4000 saepe
1289 3873 1455 4000 saepius
1484 3873 1731 3968 observavi.

723 4036 795 4164 ¹§.
827 4037 906 4144 41.
953 4030 1204 4123 Iudicandi
1249 4063 1382 4122 nunc
1414 4029 1619 4122 veniunt
1654 4031 1774 4123 rami
1820 4031 1932 4155 qui,
1973 4053 2196 4157 exparte

684 4183 978 4280 abdomi‘nali
1022 4207 1166 4312 atque
1197 4186 1356 4312 pelvea
1398 4187 1538 4279 nerviw
1565 4187 1893 4317 sympathetici
1932 4189 2087 4304 enati,
2135 4189 2194 4280 ad

683 4343 853 4435 viscera
883 4364 931 4434 et
962 4375 1135 4470 organa
1164 4343 1533 4437 distribuuntur.

759 4499 855 4592 Ubi
905 4521 1101 4591 truncus
1148 4501 1277 4592 nervi
1321 4500 1469 4593 nostri
1511 4533 1567 4593 ex
1611 4497 1749 4592 hiatu
1794 4499 2204 4630 diaphragmatico.

687 4688 890 4785 egressus
914 4688 968 4746 ac
1006 4677 1128 4750 retro
1160 4689 1321 4750 renem
1351 4657 1605 4749 collocatus
1633 4678 1728 4770 est,
1760 4657 2004 4750 ramulum
2038 4690 2192 4750 unum

687 4813 759 4908 vel
781 4811 938 4940 plures
961 4812 1137 4904 emittit
1161 4812 1220 4903 ad
1249 4812 1443 4940 plexum
1475 4811 1696 4905 renalem.
1720 4811 1925 4932 ,Deinde
1953 4811 2196 4942 egangliis

539 5017 544 5034 ·
687 4968 981 5062 lumbalibus
1018 4968 1266 5093 utriusque
1305 4969 1462 5062 lateris
1496 4968 1615 5060 rami
1652 4990 1920 5094 emergunt,
1958 4971 2041 5092 qui
2082 4991 2197 5062 arte-

687 5127 807 5218 riam
827 5145 1010 5216 aortam
1032 5123 1083 5216 in
1108 5157 1193 5216 suo
1214 5126 1410 5218 decursu
1440 5123 1758 5236 circumdant,
1779 5144 1825 5214 ct
1837 5119 2036 5254 plescum
2052 5125 2197 5216 norti-

687 5313 789 5374 cum
819 5281 1144 5398 constituunt,
1171 5283 1276 5405 qui,
1307 5316 1363 5375 ex
1382 5277 1674 5406 simplicium
1704 5277 1861 5398 classe,
1888 5279 2025 5374 nullo
2053 5283 2197 5374 modo
