5080 6812
1062 707 1130 837 89

340 946 503 1054 'oetavo
545 945 592 1017 et
629 957 760 1022 nono
798 928 1007 1058 unitum.
1053 926 1192 1019 Tune
1236 925 1374 1018 nervi
1404 947 1604 1019 truncus
1642 927 1694 1018 in
1727 923 1848 1020 collo

340 1059 636 1206 ihterruptus
659 1105 748 1192 est3
777 1085 855 1176 sed
876 1084 926 1174 in
952 1103 1137 1209 pectore
1154 1082 1288 1175 series
1308 1082 1537 1207 reperitur
1552 1080 1849 1210 gangiiorum

341 1235 713 1352 thoracicorum‚
747 1262 794 1331 et
827 1237 1157 1366 sympathetici
1198 1260 1397 1346 truncus
1434 1269 1583 1363 usque
1619 1239 1679 1330 ad
1699 1259 1850 1340 ‚verte-

339 1389 446 1483 bras
478 1391 692 1485 eaudales
729 1392 1006 1488 descendit.¹

412 1552 454 1667 §.
493 1539 605 1638 105.
640 1549 783 1641 Juxta
820 1547 1188 1640 illustrissimum
1225 1542 1434 1662 caelest,
1467 1581 1637 1643 nervus
1668 1581 1850 1677 sympe-

339 1702 543 1794 theticus
573 1704 908 1796 mammalium
952 1735 1052 1796 non
1087 1703 1301 1795 multum
1334 1701 1490 1796 differt
1513 1704 1585 1810 ¹ab
1618 1703 1848 1796 humane

339 1857 517 1952 Nervus
543 1858 850 1952 intercostelis
875 1859 1020 1952 simiae
1042 1839 1319 1973 Maimonie,
1347 1891 1492 1982 quem
1517 1860 1613 1985 ipse
1633 1857 1848 1972 dissecui,

338 2010 559 2140 ganglion
590 2013 762 2107 hebuit
788 2012 1007 2106 cervicale
1036 2045 1334 2139 supremum,
1366 2037 1544 2140 septem
1579 2015 1726 2107 lineas
1749 2013 1851 2106 lon-

337 2197 451 2296 gum
472 2188 518 2258 et
539 2167 802 2261 dimidiam·
816 2168 993 2262 lineam
1024 2168 1198 2283 latum,
1225 2201 1337 2260 cum
1358 2202 1471 2261 ansa
1495 2201 1683 2262 nervosa
1703 2169 1847 2295 primi

338 2355 392 2413 ac
423 2325 617 2416 secundi
656 2327 786 2419 nervi
814 2324 1051 2418 'cervicalis
1079 2325 1329 2451 junctum,
1369 2355 1532 2416 nervos
1563 2323 1727 2417 molles
1761 2355 1848 2450 pro

338 2478 516 2570 erteriae
539 2482 755 2574 carotidis
779 2483 921 2574 ramis
945 2483 1177 2575 emittens.
1216 2479 1456 2607 Ganglion
1489 2479 1706 2573 cervicale
1735 2480 1850 2571 inse-

339 2631 437 2725 rius
467 2631 776 2729 latitudinem
811 2634 1018 2729 ostendit
1048 2623 1366 2730 lineae'unius
1406 2667 1517 2726 cum
1539 2625 1757 2727 dimidia.
1787 2637 1849 2728 In
1880 2681 1886 2739 ;

339 2788 473 2879 omni
508 2820 617 2882 vero
643 2791 817 2918 spatio,
852 2791 977 2885 inter
1010 2791 1108 2883 duo
1141 2792 1228 2884 ista
1264 2789 1446 2918 ganglia
1485 2789 1847 2916 comprehenso,
1887 2869 1894 2884 .

339 2948 516 3036 nervus'
546 2944 915 3073 sympatheticus
946 2979 1032 3073 per
1061 2945 1207 3042 telam
1248 2944 1519 3039 cellulosam
1553 2945 1614 3038 ad
1646 2941 1850 3040 nervum¹
1883 3019 1892 3040 ..

337 3076 508 3228 vagum
542 3101 607 3193 ita
641 3100 856 3230 alligatus
889 3125 1009 3218 erat,
1052 3123 1109 3195 ut
1140 3103 1274 3225 quasi
1311 3101 1443 3194 istius
1472 3093 1715 3194 ramulam
1740 3131 1849 3194 con-¹

337 3255 562 3348 stitueret.
591 3257 649 3348 In
670 3256 882 3373 thorace,
906 3289 931 3348 e
957 3258 1217 3372 contrario,
1243 3277 1290 3349 et
1315 3257 1367 3348 in
1395 3257 1650 3349 abdomine
1678 3287 1851 3350 nervus
1891 3339 1895 3347 .

341 3433 497 3504 noster
530 3413 694 3505 eodem
724 3414 868 3505 modo
901 3445 948 3507 se
977 3412 1183 3506 habebat
1215 3445 1268 3504 ae
1299 3413 1350 3504 in
1383 3412 1592 3534 homine.

401 3561 626 3661 'Similem
672 3569 1027 3694 dispositionem
1072 3567 1360 3694 deprehendi
1406 3569 1457 3659 in
1504 3567 1640 3659 simia
1686 3568 1848 3662 fauno.
1896 3647 1900 3659 .

338 3723 429 3818 Sed
469 3743 633 3848 praeter
667 3723 860 3816 unionis
890 3723 1091 3816 modum
1131 3755 1243 3814 eum
1271 3735 1419 3816 'nervo
1457 3755 1591 3850 vage,
1622 3755 1712 3850 epe
1746 3723 1850 3819 telae

339 3875 567 3970 cellulosae
597 3909 786 3970 ramum
812 3876 1209 3970 anastomoticum
1239 3879 1398 3970 inveni
1429 3879 1553 3970 inter
1578 3878 1723 3972 istum
1745 3911 1852 3976 ner·

338 4015 452 4125 vuin
482 4055 529 4124 et
558 4033 780 4162 ganglion
814 4025 1033 4125 eervicale
1065 4035 1306 4160 superius,
1341 4033 1517 4127 lineam
1549 4067 1699 4132 unam
1732 4065 1846 4130 eum
1896 4087 1900 4127 :

339 4189 535 4328 dimidia
573 4188 804 4318 longum,
836 4223 864 4281 e
896 4189 1159 4283 substantie
1201 4189 1451 4284 medullari
1494 4193 1849 4318 compositum:

339 4345 388 4437 id
407 4345 552 4468 'quod
585 4346 877 4473 microscopii
914 4377 1003 4472 ope
1032 4347 1256 4439 distinete·
1280 4349 1501 4473 perspexi.

341 4539 348 4572 ·*
409 4497 566 4628 Talpae
591 4533 799 4628 europeee
826 4534 1025 4596 nervum
1062 4475 1407 4596 intercostalem
1436 4502 1718 4597 distinctum
1747 4489 1845 4598 vidi
1901 4511 1907 4521 ’

339 4656 391 4748 in
420 4654 567 4770 collo,
606 4680 751 4781 atque
779 4679 1046 4784 separatum
1076 4691 1103 4750 a
1135 4690 1277 4752 nemo
1311 4691 1435 4787 vage.
1488 4658 1659 4753 Tribus
1694 4660 1747 4753 in
1780 4693 1844 4753 re·
1903 4723 1907 4734 »

337 4813 475 4940 gione
506 4813 715 4908 cervicali
755 4815 1006 4942 insignitus
1036 4809 1135 4924 edat
1170 4814 1363 4945 gangliis
1391 4853 1404 4906 ε
1431 4814 1650 4944 ganglion
1690 4815 1844 4910 thora-

339 4969 494 5060 eieum
523 4970 738 5096 primum
776 4992 847 5063 sat
884 4993 983 5064 erat
1017 4973 1351 5102 conspicuum
1392 4970 1574 5095 reliqua
1610 4971 1843 5068 thoracice

385 5197 396 5228 ⁸
422 5192 562 5275 euvier,
582 5200 723 5288 tefam
743 5195 959 5272 d'anatomie
982 5205 1185 5287 comparem
1205 5208 1294 5268 tone.¹
1308 5219 1349 5288 2,
1360 5222 1399 5284 p·
1422 5205 1505 5284 ²9³·

383 5312 400 5362 -²
420 5311 461 5375 1.
482 5332 530 5400 c»,
551 5335 589 5400 p·
610 5315 692 5398 289.
815 5355 820 5366 ·
978 5309 981 5316 Δ
1507 5305 1510 5310 ¹

1454 5459 1514 5520 12
