5076 6816
1050 699 1148 827 169

337 939 384 1011 et
413 919 621 1011 uterinas
653 920 942 1012 comitantes
972 921 1042 1013 Ex
1065 918 1192 1010 hisce
1218 913 1404 1039 aliquot
1430 915 1489 1006 ad
1515 913 1689 1043 raginae
1718 944 1850 1044 supe-

336 1076 508 1167 riorem
536 1097 720 1201 partem
748 1076 1088 1204 spargebantur
1112 1072 1299 1167 ramuli.

408 1230 625 1324 Secunda
664 1234 790 1345 vice,
829 1233 881 1323 in
921 1234 1139 1324 cadavere
1179 1231 1365 1322 feminae
1395 1232 1522 1322 serito
1564 1221 1851 1358 grav'iditatis

337 1418 497 1479 mense
525 1421 551 1478 a
582 1389 713 1481 febre
736 1387 864 1481 lenta
891 1411 1082 1503 enectae,
1112 1363 1452 1480 numerosiores
1478 1384 1636 1477 adhuc
1660 1386 1850 1512 reperie-

336 1542 518 1634 bantur
538 1545 657 1635 rami
680 1545 858 1658 nervei,
882 1576 1030 1667 quam
1051 1543 1102 1634 in
1128 1575 1235 1636 casu
1260 1541 1558 1670 praecedenti,
1580 1541 1722 1668 plane
1743 1574 1851 1634 ean·

337 1700 447 1789 dem
480 1700 709 1827 originem
741 1723 886 1824 atque
915 1701 1165 1792 decursum
1194 1721 1429 1813 tenentes,
1471 1729 1590 1821 quos
1612 1697 1852 1825 descripsit

343 1853 389 1945 T
383 1851 627 1948 icdcmann
647 1859 698 1948 in
723 1858 866 1950 citato
886 1891 971 1949 suo
993 1891 1142 1982 opere.
1179 1856 1362 1950 Omnes
1377 1887 1484 1947 vero
1503 1852 1679 1946 surculi
1700 1863 1852 1978 usque

336 2011 396 2102 ad
431 2033 621 2103 uterum
665 1992 885 2141 progressi
922 2013 1012 2105 sub
1050 2012 1327 2105 membrana
1369 2010 1577 2136 ejusdem
1616 2043 1710 2104 sese
1746 2009 1853 2102 snb

337 2165 577 2259 ducebant
603 2169 797 2280 extima,
829 2189 875 2259 et
903 2169 954 2258 in
980 2188 1125 2259 strato
1154 2163 1437 2294 superficiali
1465 2163 1695 2258 fibrarum
1729 2166 1851 2258 uteri

336 2317 642 2414 finiebantur.
683 2323 784 2414 Hac
808 2325 1048 2416 occasione
1079 2323 1379 2415 monendum
1405 2354 1497 2414 esse
1525 2324 1667 2436 duco,
1697 2325 1850 2445 quod,

336 2477 500 2569 tunica
525 2479 646 2569 uteri
674 2501 862 2571 externa
882 2478 1091 2593 sublata,
1112 2477 1276 2571 multae
1295 2474 1424 2570 fibrae
1444 2501 1725 2594 occurrunt,
1745 2491 1852 2602 quae

337 2631 465 2724 vario
500 2633 644 2724 modo
671 2666 764 2726 sese
795 2636 1064 2749 decussant‚
1100 2657 1174 2749 et,
1206 2667 1296 2762 ope
1326 2633 1427 2725 telae
1459 2631 1688 2727 cellulosae
1718 2633 1851 2748 laxae,

337 2809 436 2882 tam
458 2789 582 2880 inter
605 2822 672 2903 se,
699 2822 847 2914 quam
867 2790 1142 2884 substantiae
1166 2792 1363 2883 uterinae
1382 2789 1683 2914 profundiori
1708 2797 1854 2914 atque

337 2945 564 3058 densiori,
595 2944 849 3038 uniuntur.
891 2945 974 3038 Hae
1005 2943 1154 3059 fibrae,
1181 2977 1388 3069 quarum
1413 2944 1633 3037 indolem
1665 2947 1851 3074 ignoro,

339 3101 473 3192 sacile
496 3133 583 3227 pro
611 3103 905 3194 continuatis
930 3134 1184 3194 nervorum
1211 3100 1406 3192 ramulis
1427 3100 1685 3216 habentur,
1706 3138 1732 3195 a
1751 3103 1855 3227 qui·
2019 3097 2023 3110 ’

336 3257 428 3350 bus
458 3288 589 3370 ver0,
620 3288 719 3347 non
752 3256 907 3348 solum
937 3258 1121 3347 ratione
1154 3256 1424 3348 directionis
1457 3279 1600 3379 atque
1633 3260 1851 3351 crassitiei
1954 3229 1959 3246 ¹

338 3413 548 3538 majoris,
570 3413 648 3504 sed
669 3411 814 3503 etiam
834 3414 1032 3506 ratione·
1047 3409 1204 3540 figurae
1235 3444 1328 3503 suae
1353 3412 1498 3540 magis
1522 3413 1850 3539 complanatae,

339 3565 583 3660 differunt.
630 3566 936 3690 Quocunque
967 3591 1128 3661 autem
1166 3568 1314 3684 modo⁸
1348 3599 1440 3659 sese
1475 3566 1685 3662 habeant
1720 3571 1850 3663 nervi

222 3759 226 3770 ’
339 3723 540 3836 uterini,
570 3721 618 3814 id
642 3744 823 3814 certum
848 3723 970 3814 mihi
1003 3723 1225 3850 apparuit
1247 3745 1391 3845 atque
1417 3723 1647 3842 evictum,
1665 3727 1851 3819 cosdem

340 3879 392 3973 in
426 3879 547 3973 uteri
574 3879 889 3973 substantiam
922 3879 1053 3973 haud
1079 3913 1125 3975 se
1153 3879 1420 3974 immittere.

1054 4142 1148 4234 111.

412 4327 504 4424 Ad
520 4363 634 4462 pag.
664 4337 755 4459 93,
788 4352 834 4426 et
857 4330 925 4427 ad
936 4367 1051 4466 pag.
1086 4332 1196 4426 106.
1242 4331 1362 4449 Quae
1389 4333 1441 4424 in
1469 4332 1566 4426 istis
1590 4333 1771 4462 paginis
1798 4366 1852 4427 ex

339 4486 586 4615 hypothesi
625 4491 784 4617 scripsi
824 4495 944 4586 eirca
988 4491 1230 4602 inssuxum
1270 4522 1521 4582 nervosum
1564 4490 1616 4581 in
1662 4524 1853 4584 carnem

341 4643 657 4737 muscularem
676 4647 1059 4778 diaphragmatis,
1081 4683 1133 4741 ea
1154 4649 1439 4774 jamdudum
1462 4644 1741 4739 confirmata
1760 4650 1856 4741 fue

341 4821 459 4892 runt
487 4832 571 4926 per
597 4804 914 4928 experimenta
947 4804 1205 4934 Moguntiae
1229 4802 1484 4894 instituta¹.
1522 4803 1618 4894 Ubi
1644 4825 1854 4896 armatus

342 4975 441 5047 erat
465 4987 635 5050 nervus
654 4958 990 5085 splanchnicus
1011 4959 1122 5087 polo
1153 4958 1296 5072 zinci,
1326 4979 1373 5050 et
1395 4958 1616 5050 admotus
1638 4959 1698 5050 ad
1716 4959 1855 5085 hepa-

389 5215 399 5243 ¹
428 5209 657 5279 Galvanairche
675 5177 758 5281 und·
777 5213 979 5282 electriacbe
1006 5217 1184 5282 Ver-suche
1203 5236 1251 5279 an
1274 5214 1467 5278 Meu-tehen
1482 5214 1570 5277 'aad
1598 5202 1852 5299 Tbierlbhpem
1880 5273 1883 5280 .

342 5331 546 5418 angeatellt,
560 5350 630 5396 von
645 5332 710 5396 der
725 5328 996 5399 medizim'sclren
1012 5325 1389 5420 Privat-Gesellschast
1405 5351 1452 5394 au
1468 5330 1626 5418 Maynz,·
1645 5327 1853 5414 180351‘11-4.
1933 5425 1936 5432 ι

1498 5473 1561 5533 22
