5080 6812
1069 691 1098 778 3

328 908 650 1005 anastomosin
669 891 984 1035 perficiebant'
1000 905 1125 998 inter
1143 931 1345 996 nervum
1365 898 1681 994 abducentem
1701 922 1844 1026 atque

329 1069 609 1200 tiniarum.
648 1067 827 1158 Remus
853 1063 912 1156 ad
935 1063 1141 1189 priorem
1170 1091 1370 1153 nervum
1398 1060 1450 1151 in
1476 1060 1572 1156 duo
1599 1055 1842 1153 filamenta

333 1222 652 1335 dividebatur,
673 1253 777 1344 quae
795 1219 985 1312 seorsim
999 1239 1171 1310 trunco
1190 1246 1382 1308 nervoso
1400 1247 1494 1308 sese
1510 1216 1843 1344 adjungebant.

384 1380 583 1473 ·Docuit
615 1409 692 1469 me
727 1396 908 1469 attenta
940 1375 1004 1468 rei
1043 1373 1333 1498 disquisitio,
1371 1373 1555 1465 sextum
1590 1406 1843 1467 nervorum

332 1568 418 1662 par
447 1535 498 1626 in
528 1535 647 1627 duos
676 1531 914 1626 funiculos
942 1529 1223 1659 principales
1257 1562 1386 1657 posse
1423 1527 1604 1644 divelli,
1641 1532 1843 1658 superio-

333 1723 432 1783 rem
461 1690 637 1784 scilicet
663 1711 807 1814 atque
838 1688 1131 1802 inferiorem,
1162 1719 1373 1810 quorum
1402 1685 1700 1779 hic-ramum
1733 1719 1845 1816 prae*

332 1847 518 1940 dictum
552 1845 954 1940 anastomoticum
985 1877 1012 1935 a
1043 1875 1185 1935 nervo
1211 1841 1759 1972 sympatheticoaccipit.
1867 1863 1875 1876 “

330 2061 337 2072 ·
403 2003 732 2131 Disceptatum
758 2002 875 2096 olim
901 2002 1012 2118 fuit,
1034 2024 1200 2095 utrum
1229 2035 1410 2117 ramus,
1436 2033 1462 2094 e
1488 2024 1614 2094 sexto
1642 2003 1844 2097 cerebra-

330 2161 455 2253 lium
480 2191 643 2275 nervo,
667 2181 900 2282 tanquam
921 2175 1136 2288 receptus
1153 2157 1434 2251 considerari
1454 2157 1639 2274 debeat,
1659 2192 1722 2250 an
1743 2183 1844 2256 tan-

333 2348 481 2441 quam
500 2317 703 2410 cmissus.
722 2316 813 2411 Pro
829 2313 977 2443 priori
992 2315 1220 2442 opinione
1238 2335 1445 2442 pugnate
1469 2309 1748 2444 1.⁰angu1us
1766 2318 1844 2410 ob

332 2497 486 2588 tusus,
510 2505 656 2599 quem
676 2505 837 2566 ramus
860 2474 945 2566 iste
964 2473 1205 2599 intercipit
1226 2505 1337 2564 cum
1359 2493 1531 2564 trunco
1552 2501 1706 2580 versus
1723 2474 1845 2568 orbi-

333 2652 433 2723 tam
451 2629 777 2757 progrediente
784 2668 796 2740 ;
829 2615 895 2721 2.⁰
911 2629 1075 2722 divisio
1097 2629 1230 2721 istius
1247 2628 1367 2720 rami
1388 2659 1535 2755 prope
1556 2659 1691 2722 suam
1715 2663 1845 2726 anas·

333 2769 560 2899 tomosin,
591 2817 695 2916 quae
719 2817 788 2879 res
808 2785 1012 2878 declarat
1030 2819 1056 2876 a
1076 2783 1260 2915 ganglio
1280 2817 1391 2877 eum
1410 2784 1570 2912 potius
1590 2783 1841 2912 proficisci;

336 2931 403 3037 3.⁰
426 2943 635 3071 ejusdem
667 2943 787 3038 rami
824 2942 1101 3068 conjunctio
1134 2974 1245 3034 cum
1275 2973 1376 3034 uno
1407 2941 1574 3034 saltem
1605 2943 1733 3035 nervi
1767 2946 1844 3038 ab

336 3100 551 3194 ducentis
580 3100 811 3196 fasciculo.

336 3337 339 3349 .
405 3257 650 3372 Ceterum,
671 3280 768 3351 tota
791 3259 877 3352 ista
897 3258 1090 3382 quaestio
1108 3287 1229 3349 vana
1252 3275 1396 3379 atque
1419 3254 1575 3349 inanis
1593 3279 1661 3350 est
1682 3281 1841 3353 nostro

335 3437 569 3542 tempore,
589 3447 686 3539 quo
711 3416 868 3541 portio
891 3414 1019 3508 nervi
1039 3412 1367 3542 sympathetici
1390 3412 1442 3503 in
1466 3413 1620 3506 canali
1642 3415 1843 3510 carotico

334 3570 605 3684 recondita,
651 3572 721 3663 uti
764 3570 948 3664 dictum
987 3583 1082 3684 est,
1121 3601 1222 3662 non
1264 3568 1469 3695 amplius
1507 3603 1595 3696 pro
1633 3571 1843 3696 ejusdem

333 3726 513 3853 origine
542 3724 757 3820 habetur.
1134 3767 1144 3819 ι

403 3887 444 4002 5.
471 3889 514 3980 3.
551 3883 729 3980 Nervus
757 3875 1145 4013 sympatheticus‚
1171 3880 1368 3975 ecanali
1395 3881 1596 3974 corotico
1624 3915 1841 4012 egressus,

331 4040 546 4167 'primum
568 4061 802 4163 tanquam
832 4040 1076 4133 funiculus
1100 4040 1243 4134 ruber
1267 4059 1461 4168 apparet
1491 4061 1634 4162 atque
1663 4041 1841 4154 mollis;

335 4195 505 4288 deinde
546 4195 598 4287 in
631 4193 862 4325 gangliorr
898 4193 1126 4292 cervicale
1166 4194 1441 4290 intumescit
1483 4225 1776 4326 supremum,
1815 4233 1841 4291 a

334 4351 481 4482 figura
512 4348 690 4448 olivare
721 4356 917 4448 dictum.
970 4357 1127 4483 Hujus
1158 4355 1330 4486 ganglii
1360 4353 1456 4447 vidi
1492 4352 1842 4480 longitudinem

333 4508 498 4637 viginti
541 4507 688 4638 lineas
732 4537 1028 4636 aequantem,
1067 4513 1318 4607 crassitiem
1359 4543 1466 4602 vero
1508 4531 1609 4602 tres.
1660 4511 1717 4602 In
1747 4511 1840 4606 alio
1963 4541 1967 4552 ¹

333 4666 552 4758 cadavere
590 4687 638 4760 et
679 4669 731 4760 in
769 4689 974 4794 utroque
1012 4672 1221 4798 ejusdem
1258 4669 1401 4762 latere
1442 4667 1591 4761 lineas
1625 4669 1843 4792 aequabat

333 4822 527 4950 triginta
549 4846 770 4947 quatuor.
806 4825 965 4922 Situm
988 4854 1055 4924 est
1074 4831 1130 4922 -in
1156 4849 1289 4957 parte
1311 4857 1498 4922 summa
1522 4845 1665 4947 atque
1687 4857 1842 4919 versus

333 4981 596 5108 marginem
625 5005 873 5123 euternum
903 4988 1108 5082 musculi
1135 4988 1246 5080 recti
1270 4982 1607 5112 capitis-antici
1631 4982 1841 5120 majoris,

331 5137 489 5270 primo
533 5140 593 5232 ab
639 5141 807 5234 arteria
854 5146 1059 5238 carotide
1097 5146 1284 5238 interna
1327 5163 1532 5253 tectum,
1583 5171 1694 5232 mox
1732 5173 1839 5234 vero

335 5314 445 5387 ante
483 5297 682 5394 eandem
724 5303 941 5396 arteriam
984 5304 1207 5432 positum.
1273 5301 1400 5394 Ante
1441 5296 1561 5414 iliud
1602 5296 1840 5392 descendit
