5080 6812
1397 773 1462 872 38

751 987 863 1107 Quo
895 988 1065 1084 melitis
1093 997 1254 1086 autc‘m
1282 985 1717 1117 nostra'descriptio
1737 986 2058 1117 intelligatur,
2090 1024 2184 1087 me-

675 1146 867 1242 minisse
897 1149 1052 1276 juvat,
1091 1152 1256 1242 o'mnes
1283 1155 1401 1272 quos
1430 1147 1742 1240 indicavimus
1776 1179 1930 1238 ramos
1964 1148 2016 1238 in
2050 1145 2204 1242 canas

676 1297 831 1398 liculis
849 1305 1005 1423 osseis,
1037 1305 1204 1432 parieti
1226 1304 1472 1419 anteriori,
1501 1303 1754 1430 superiori,
1775 1305 2019 1430 posteriori
2042 1326 2091 1396 et
2116 1307 2185 1397 in-

677 1459 832 1553 feriori
858 1460 1068 1555 cavitatis
1093 1461 1309 1591 tympani
1327 1458 1598 1592 insculptis,
1627 1460 1846 1587 migrare,
1871 1483 2060 1586 excepto
2084 1462 2182 1554 solo

678 1615 808 1711 ne'rv'i
846 1617 1173 1748 sympathetici
1206 1615 1395 1711 surculo
1428 1649 1569 1742 super
1598 1617 1982 1744 promontorium
2014 1619 2184 1710 ‘decur-

677 1795 820 1868 rente.
861 1776 987 1867 Hinc
998 1779 1020 1889 ,ζ
1037 1775 1074 1867 si
1100 1809 1126 1866 a
1158 1773 1311 1867 canali
1342 1774 1642 1896 aquaeductui
1668 1775 1705 1864 F
1707 1773 1868 1899 allopii
1899 1773 2108 1900 subjecto
2137 1796 2184 1869 et

676 1929 921 2023 ramulum
949 1933 1217 2025 inferiorem
1244 1930 1372 2023 nervi
1395 1930 1588 2023 Vidiani
1610 1927 1913 2056 superficialis
1931 1930 2183 2058 recipiente

672 2117 939 2180 sermonem
974 2085 1241 2201 ordiamur,
1282 2087 1367 2206 iste
1403 2086 1578 2178 canalis
1612 2085 1878 2212 perunum
1913 2108 2182 2212 aperturam

675 2240 727 2333 in
763 2245 980 2372 tympani
1017 2245 1263 2336 cavitatem
1295 2251 1434 2369 supra
1469 2242 1855 2368 promontorium
1896 2241 2023 2350 hiat;
2070 2244 2181 2336 dein

674 2431 801 2512 vero,
828 2421 950 2492 retro
978 2401 1296 2528 progrediens,
1331 2399 1624 2510 incurvatus,
1648 2399 1700 2490 in
1730 2395 2058 2524 promontorio
2082 2400 2182 2525 ipso

671 2586 798 2680 pone
832 2556 1087 2648 'fenestram
1123 2557 1381 2649 rotundam
1402 2555 1705 2667 decurrens,
1755 2555 1806 2645 in
1848 2555 1967 2648 duos
2012 2554 2182 2647 canali-

672 2710 802 2803 culos
836 2708 1061 2827 finditur,
1092 2741 1299 2835 quorum
1325 2711 1456 2837 prior
1484 2711 1543 2840 ad
1575 2709 1920 2802 foram'inulum
1948 2710 1999 2802 in
2025 2695 2179 2837 canali
2205 2688 2208 2696 ⁴

671 2867 872 2958 carotico
916 2867 1064 2960 situm
1116 2867 1298 2984 tendit,
1338 2865 1462 2959 'alter
1504 2873 1614 2959 vero
1652 2898 1799 2993 prope
1842 2866 1972 2959 nervi
2017 2866 2181 2994 glosso-

669 3022 923 3152 phary‘ngei
944 3024 1384 3151 'receptaculum'in
1413 3021 1512 3116 basi
1541 3022 1689 3114 cranii
1721 3022 1941 3148 aperitur.

740 3184 781 3299 §.
804 3173 883 3272 51.
904 3180 1038 3273 Vidit
1063 3178 1205 3274 semel
1231 3174 1487 3272 1101101111ι
1508 3184 1670 3272 'totum
1694 3211 1892 3270 nervum
1916 3178 2181 3273 intercosta-
2239 3295 2241 3300 ι
2286 3257 2291 3267 ,

668 3335 764 3428 lem
777 3336 838 3429 in
857 3335 1222 3463 splanchnicum
1244 3327 1614 3450 continuatum,
1627 3357 1684 3427 ut
1704 3334 1763 3425 ad
1785 3334 1960 3428 sextam
1983 3337 2201 3462 quidem·

668 3496 845 3586 cos'tam
892 3493 1055 3586 'nullus
1094 3497 1369 3618 superessem
1413 3493 1524 3585 inde
1561 3524 1668 3584 vcro
1709 3525 1734 3585 a
1777 3490 1979 3617 septimo
2017 3463 2196 3620 costali'

667 3650 805 3741 novis·
837 3650 1072 3744 radicibus
1104 3672 1275 3745 natum
1316 3673 1459 3773 atque
1492 3669 1773 3775 reparatum.
1822 3642 2019 3739 Bichat'
2053 3647 2178 3740 hauc

666 3805 1058 3924 observationem,
1093 3839 1239 3931 quam
1264 3803 1585 3920 confirmavit,
1618 3803 2176 3930 tanquam'praecipuum

529 3959 533 3974 '
665 3993 758 4054 suae
788 3962 976 4055 theoriae
1008 3965 1226 4056 assumsit
1261 3962 1658 4075 fundamentum,
1697 3962 1793 4084 qua
1829 3991 2028 4052 nervum
2059 3992 2178 4089 sym·

667 4117 961 4243 patheticam
1012 4118 1296 4241 neutiquam
1337 4151 1424 4244 pro
1457 4119 1635 4209 'trunco
1660 4117 1822 4209 -habet
1860 4151 1886 4208 e
1922 4117 2073 4244 capite
2116 4118 2176 4208 ad

667 4271 842 4400 pelvim
875 4268 1127 4400 protenso(
1156 4275 1246 4368 Sed
1278 4274 1376 4400 jam
1415 4273 1493 4368 W
1484 4254 1771 4402 risbergius³
1802 4267 1997 4365 Hdlleri
2029 4273 2179 4366 obser-

667 4430 906 4521 vationem
936 4430 1281 4524 aberrationem
1299 4451 1405 4524 ‘esse
1433 4407 1791 4557 pronunciavit,
1820 4431 1878 4522 ad
1903 4452 2176 4522 consuetam

527 4687 530 4696 ‚
669 4584 893 4678 fabricam
915 4587 1115 4681 minime
1142 4587 1465 4682 referendam:
1492 4587 1569 4679 cui
1596 4587 1812 4713 opinioni
1839 4619 1940 4716 ego,
1960 4613 1987 4677 a
2011 4585 2177 4678 multis

668 4743 997 4869 experimentis
1022 4744 1247 4862 edoctus,
1279 4746 1422 4874 plane
1458 4743 1733 4871 adstipulor.
1786 4742 2174 4838 Consentientem

717 5061 726 5090 ¹
752 5059 857 5122 Elem.
878 5059 1049 5145 physiol,
1066 5069 1146 5124 tom.
1167 5081 1206 5145 4,
1230 5084 1264 5145 p.
1286 5066 1362 5125 161.

716 5177 728 5205 '
751 5173 967 5238 Becher-cher
981 5171 1268 5266 physiologiques
1289 5198 1354 5240 3111·
1373 5179 1410 5240 la
1429 5171 1485 5240 vie
1504 5183 1538 5238 et
1557 5176 1594 5238 Ia
1614 5181 1725 5248 mort,
1746 5195 1784 5257 p.
1804 5173 1858 5238 81.

716 5279 728 5319 ²
751 5281 929 5353 observat.
946 5299 1092 5352 anatom.
1116 5291 1158 5353 de
1174 5291 1314 5376 ganglia
1333 5285 1506 5374 plexuque
1526 5288 1746 5373 condonari,
1763 5283 1884 5374 etc-,5
1904 5309 1943 5371 ¹9
1961 5308 1971 5349 a
1989 5289 2176 5380 Commenta

669 5403 848 5491 calling„
868 5424 945 5466 31111.
967 5425 1069 5488 1779,
1088 5405 1158 5469 vol.
1179 5424 1218 5493 a,
1235 5427 1270 5490 p.
1297 5424 1370 5470 101.
