5076 6816
1066 749 1159 888 157

274 991 277 999 '
353 969 508 1063 albida
547 993 593 1063 et
635 971 686 1064 in
719 971 1065 1101 cartilagineam
1105 972 1316 1067 indolem
1351 991 1565 1080 mutata;
1610 972 1734 1084 inter
1764 967 1865 1060 reli-

353 1161 471 1250 quas
515 1131 701 1220 tunicas
744 1163 1003 1223 numerosae
1044 1131 1285 1223 haerebant
1321 1160 1529 1252 squamae
1577 1161 1732 1236 osseae;
1783 1126 1861 1217 sed

295 1311 298 1317 ’
354 1316 509 1405 neque
538 1285 588 1374 in
619 1284 814 1378 valvulis
844 1285 1212 1379 semilunaribus
1240 1286 1488 1407 utriusque
1522 1283 1720 1398 arteriae,
1752 1303 1860 1372 tum

315 1429 491 1529 'aortae
525 1460 630 1530 tum
665 1439 991 1564 pulmonalis,
1032 1473 1187 1563 neque
1224 1443 1276 1532 in
1316 1439 1510 1532 annulis
1543 1423 1721 1531 callosis
1754 1467 1862 1528 ven-

353 1593 547 1685 triculos
594 1594 654 1684 ab
697 1595 920 1686 auriculis
961 1594 1312 1720 separantibus,
1362 1627 1516 1716 neque
1559 1595 1756 1685 demum
1807 1591 1860 1682 in

351 1746 547 1838 valvulis
580 1747 953 1840 ventriculorum
997 1747 1103 1840 ullae
1138 1751 1454 1841 cernebantur
1497 1745 1858 1858 ossificationes,

351 1933 509 2025 neque
538 1904 899 1996 incrustationes
929 1905 1120 2030 lapideae
1151 1906 1269 1997 ullae.
1311 1905 1577 2032 Praecipuus
1606 1936 1712 1995 vero
1739 1935 1860 1994 mor-

349 2059 461 2172 buS,
492 2061 577 2182 qui
609 2061 739 2153 hicce
777 2035 995 2154 locorum*
1030 2059 1381 2174 offendebatur,
1420 2084 1518 2153 erat
1550 2091 1863 2188 aneurysma,

349 2247 375 2306 e
402 2219 690 2309 concavitate
716 2250 850 2309 arcus
877 2240 1016 2309 aortae
1042 2215 1559 2330 enatum„latitudinis
1583 2219 1731 2308 trium
1751 2214 1859 2340 'pol-

268 2353 272 2364 '
350 2368 498 2461 licum
539 2405 650 2468 cum
691 2374 841 2466 tribus
877 2371 1036 2487 lineis,
1066 2373 1336 2483 altitudinis
1380 2374 1586 2464 duorum
1627 2369 1859 2497 pollicum

350 2557 461 2616 cum
488 2527 624 2619 lineis
646 2552 775 2637 octo;
807 2529 1065 2654 parietibus
1096 2529 1250 2621 densis
1282 2530 1593 2641 instructum,
1617 2560 1643 2616 a
1663 2526 1858 2651 pseudo-

349 2682 637 2775 membranis
671 2685 759 2775 sibi
799 2685 1000 2776 invicem
1036 2684 1278 2811 impositis.
1321 2685 1496 2776 Intime
1529 2715 1687 2775 saccus
1716 2712 1857 2802 aneu-

347 2838 622 2963 rysmaticus
656 2841 852 2934 accrevit
878 2842 1054 2933 arteriae
1081 2836 1351 2967 pulmonali
1380 2869 1468 2964 ope
1494 2838 1595 2930 telae
1627 2835 1855 2929 cellulosae

347 2991 622 3087 brevissimae
652 3019 699 3088 et
722 3019 846 3089 arcte
869 2999 1071 3124 stipatae;
1092 3020 1139 3090 et
1162 2995 1361 3088 exterius
1390 2995 1475 3123 ipsi
1508 2994 1853 3106 accubuerunt,

347 3169 394 3239 et
419 3149 542 3240 inter
568 3151 776 3275 ejusdem
801 3154 1280 3278 pseudomembranas
1309 3149 1631 3276 comprehensi
1659 3149 1855 3239 fuerunt

347 3334 517 3396 nervus
541 3305 795 3431 phrenicus
830 3331 876 3400 et
909 3340 1059 3437 vagus.
1112 3307 1257 3424 Quod
1278 3339 1385 3397 vero
1414 3304 1621 3395 maxima
1652 3303 1851 3428 dignum

346 3481 414 3551 est
447 3463 738 3578 attentione,
775 3497 875 3556 non
910 3463 1266 3590 reperiebantur
1295 3493 1545 3554 nervorum
1577 3458 1695 3550 rami
1729 3459 1856 3549 inter

345 3637 527 3707 aortam
554 3640 602 3710 et
637 3623 854 3712 arteriam
895 3618 1224 3746 pulmonalem
1250 3617 1390 3744 positi
1422 3637 1470 3708 et
1493 3617 1553 3707 a'd
1581 3647 1661 3706 cor
1690 3647 1852 3740 prope-

345 3794 501 3864 rantes
515 3805 599 3900 pro
618 3775 870 3868 efficiendis
885 3777 1099 3904 plexibus
1117 3774 1382 3867 coronariis.
1416 3771 1670 3886 Caeterum,
1693 3802 1850 3863 saccus

343 3932 744 4056 aneurysmaticus
767 3933 861 4058 ipse
878 3933 1106 4060 sanguine
1123 3931 1364 4060 polypum,
1383 3929 1442 4021 ad
1462 3927 1684 4019 exteriora
1705 3926 1849 4054 magis

344 4084 487 4176 denso
522 4108 569 4178 et
603 4087 865 4205 lamelloso,
900 4121 1056 4182 versus
1085 4088 1307 4181 interiora
1342 4118 1449 4180 vero
1485 4082 1710 4198 molliori,
1750 4105 1848 4175 erat

344 4238 555 4365 repletus.
1532 4259 1534 4262 ’

415 4396 522 4488 Haec
558 4401 768 4526 autopsia
808 4425 929 4496 certe
966 4405 1200 4497 rationem
1233 4402 1387 4494 reddit
1420 4399 1845 4527 phaenomenorum

339 4549 543 4645 durante
569 4557 664 4647 vita
692 4581 1033 4685 perceptorum.
1071 4559 1366 4685 Orthopnoea
1399 4558 1451 4648 in
1479 4554 1660 4648 ultimis
1688 4552 1864 4644 morbi'

339 4709 582 4803 mensibus
619 4713 680 4804 ab
721 4714 1063 4842 hydrothoraee
1106 4738 1153 4808 et
1195 4715 1406 4844 hydrope
1445 4709 1702 4848 pericardii·
1732 4739 1843 4800 sane

337 4886 438 4954 erat
469 4870 731 4991 repetenda.
782 4872 1015 4964 lnfarctus
1044 4871 1289 4998 pulmonis
1329 4869 1474 4961 dextri
1510 4869 1561 4958 in
1596 4885 1728 4991 parte
1757 4896 1840 4954 sua
1908 4883 1911 4888 ’

339 5016 574 5136 inferiori,
612 5046 760 5117 status
785 5028 1020 5119 marcidus
1043 5025 1288 5153 pulmonis
1319 5023 1516 5132 sinistri,
1547 5022 1744 5112 eandem
1773 5052 1841 5111 or-

338 5171 614 5302 thopnoeam
629 5181 887 5273 reddebant
894 5185 1165 5312 graviorem.
1187 5181 1341 5274 hortae
1355 5207 1632 5306 aneurysma
1652 5199 1840 5272 motum

335 5328 651 5460 pulsatorium
684 5335 938 5433 obscurum
975 5341 1027 5436 in
1061 5338 1261 5470 pectoris
1297 5337 1491 5430 cavitate
1520 5332 1706 5427 sinistra
1738 5365 1841 5466 pro-
