5076 6816
1078 675 1175 790 ¹29

369 867 540 964 modus
553 904 566 977 3
590 863 661 959 vel
675 865 1067 992 saltem,propter
1083 863 1316 958 intimum
1332 891 1443 956 cum
1470 859 1657 956 cerebro
1680 893 1875 980 nexum,

369 989 669 1149 intemperies
694 1022 827 1118 istius
854 1009 1092 1152 revellitur
1114 1040 1259 1143 atquc
1283 1020 1341 1112 ad
1362 1019 1598 1111 abdomen
1628 1019 1875 1112 derivatur.

440 1183 480 1298 §.
517 1175 627 1270 116.
669 1173 840 1273 Colt'cae
865 1176 1126 1270 saturninae
1153 1176 1279 1268 sedes
1310 1174 1413 1268 sine
1448 1174 1597 1268 dubio
1635 1175 1688 1265 in
1726 1174 1879 1267 nervis
1923 1253 1928 1260 .

368 1332 625 1426 constituta
675 1355 743 1426 est
790 1331 1186 1428 abdominalibus.
1251 1329 1514 1446 Quodnam
1552 1329 1683 1422 aliud
1732 1350 1880 1421 exstat

367 1510 589 1616 systema,
624 1487 759 1615 cujus
787 1486 1024 1582 affectioni
1058 1485 1264 1580 tribuere
1293 1486 1525 1613 possimus
1551 1485 1878 1580 acutissimum

369 1645 578 1740 dolorem
611 1647 972 1762 intestinorum,
1008 1644 1277 1738 abdominis
1312 1645 1690 1737 retrocessionem
1723 1673 1879 1736 versus

325 1851 327 1856 v
368 1801 556 1928 spinam
585 1800 734 1918 dorsi,
757 1801 849 1896 alvi
871 1802 1246 1916 adstrictionem,
1269 1823 1563 1912 tenesmum,
1597 1800 1746 1891 urinae
1773 1828 1880 1923 sup

367 1955 676 2082 pressionem,
719 1958 870 2052 cordis
906 1957 1268 2085 palpitationes,
1308 1955 1514 2049 insultus
1552 1954 1878 2067 asthmaticos,

367 2113 591 2204 vomendi
623 2134 843 2227 conatus,
866 2112 1186 2241 cardialgiam,
1215 2111 1480 2239 vertigines,
1506 2102 1727 2204 sudorem
1759 2109 1881 2236 frigi·

370 2266 509 2382 dum,
527 2300 781 2361 nervorum
795 2269 1120 2384 resolutiones,
1137 2249 1243 2384 etc,
1262 2266 1353 2360 nisi
1369 2267 1608 2396 systemati
1623 2265 1878 2396 ganglioso,

369 2442 514 2544 atque
538 2419 671 2516 fibris
702 2424 1041 2518 intestinorum
1072 2422 1421 2518 muscularibus
1446 2421 1656 2548 ejusdem
1681 2422 1880 2549 imperio

368 2576 640 2671 submissis?
677 2578 880 2676 Nullum
904 2579 1096 2672 sanein
1138 2580 1225 2672 isto
1254 2577 1424 2672 morbo
1462 2577 1733 2692 observatur
1760 2607 1882 2708 sym-

368 2751 558 2858 ptoma,
587 2735 718 2856 quod
741 2766 841 2827 non
872 2768 899 2827 a
924 2766 1185 2868 nervorum¹
1206 2729 1454 2828 affectione
1476 2731 1694 2860 explicari
1719 2752 1880 2857 'queat

438 2891 480 3007 S.
526 2921 636 3015 ¹¹7·
673 2887 818 2983 Porro
852 2891 969 2983 varii
1002 2921 1299 3017 spasmorum
1336 2888 1564 3005 insultuS,
1604 2879 1781 3013 quibus
1814 2888 1882 2980 di·

368 3043 626 3136 versimode
656 3045 931 3138 cruciantur
967 3046 1146 3174 aegroti,
1180 3079 1207 3137 a
1240 3047 1392 3140 nervis
1420 3045 1645 3140 vellicatis
1682 3044 1879 3138 derivari

369 3220 568 3325 possunt
587 3233 640 3292 ac
660 3200 845 3293 debent.
875 3201 953 3296 Sic
982 3203 1122 3295 tussit
1128 3234 1275 3326 ,quae
1297 3203 1653 3330 diciturferina
1675 3235 1757 3296 seu
1774 3234 1881 3296 con·
1985 3283 1987 3288 .

349 3348 569 3465 succisiva,
588 3357 803 3478 quamvis
822 3357 1055 3484 praecipue
1074 3356 1126 3449 in
1144 3356 1439 3484 pulmonum
1459 3381 1690 3485 apparatu
1710 3359 1880 3488 vigeat,

371 3529 534 3602 tamen
566 3511 618 3601 in
653 3509 818 3637 plexus
842 3512 995 3604 saevire
1023 3511 1209 3606 videtur
1236 3512 1455 3608 coeliacos
1487 3515 1630 3608 Unde
1651 3515 1783 3608 enim
1803 3547 1881 3634 ,vc

372 3666 498 3758 niret
519 3664 729 3760 titillatio
750 3667 802 3760 in
820 3665 1081 3760 scrobiculo
1105 3669 1275 3784 cordis,
1295 3701 1442 3793 quam
1464 3671 1620 3767 miseri
1636 3671 1881 3800 experiun-

371 3841 453 3913 tur
489 3793 637 3945 usque
671 3822 793 3915 dum
821 3822 1026 3916 violenta
1058 3843 1203 3947 atque
1232 3821 1502 3920 suffocativa
1541 3827 1781 3922 concussio
1816 3860 1882 3922 se·

374 3981 579 4100 quatur?
604 3977 705 4070 Cur
719 3977 855 4104 pueri
873 3979 1009 4072 anxie
1023 3980 1284 4075 decurrunt
1299 4001 1559 4106 antequam
1575 4015 1881 4114 paroxysmus

371 4136 625 4258 erumpat?
682 4133 784 4226 Cur
818 4160 918 4227 non
952 4167 1058 4227 raro
1086 4136 1357 4232 stomachus
1392 4137 1713 4234 subvertitur?
1751 4141 1882 4264 Quo·

372 4287 516 4379 modo
539 4284 618 4404 fit,
644 4311 701 4382 ut
722 4290 815 4383 lere
838 4321 1021 4419 semper
1048 4290 1393 4388 convulsiones.
1408 4292 1599 4389 clonicae
1623 4298 1684 4391 ad
1709 4299 1879 4416 tussim

371 4443 595 4537 accedant
612 4443 683 4538 vel
703 4477 808 4538 eam
831 4445 1089 4573 excipiant,
1109 4447 1256 4540 vitam
1274 4447 1680 4544 sufflaminantesl
1707 4451 1881 4550 Potest

373 4628 434 4690 ne
460 4600 614 4728 negari
649 4601 830 4695 existis
862 4601 1136 4718 observatis,
1170 4604 1267 4698 vim
1297 4606 1542 4729 quandam
1575 4607 1878 4738 dynamicam

373 4755 503 4846 nervi
548 4757 647 4884 vagi
685 4778 829 4881 atque
864 4757 1093 4885 plexuum
1132 4761 1513 4890 epigastricorum
1556 4765 1608 4855 in
1649 4767 1878 4894 sphaeram

373 4909 651 5005 cerebralcm
681 4914 946 5029 incurrere,
982 4914 1176 5040 ejusque
1202 4917 1477 5044 temperiem
1510 4928 1732 5026 mutare?

443 5070 485 5186 5.
518 5099 533 5156 t
553 5065 627 5159 18.
663 5067 888 5194 Spasmus
910 5069 1236 5196 praecordialis,
1257 5073 1341 5195 qui
1357 5074 1447 5168 sub
1471 5059 1672 5172 nomine
1690 5082 1880 5208 angtizae

366 5223 598 5353 pectoris,
634 5221 884 5322 estimatis
909 5221 1153 5321 arthritici
1179 5219 1515 5342 inconstantia,
1545 5235 1880 5336 sternocardtir

1492 5421 1549 5516 ι7
