5080 6812
1061 688 1119 773 3”ι

337 897 396 991 ad
427 897 799 992 intricatissimos
832 893 960 990 nervi
993 897 1320 1026 sympathetici
1358 900 1575 1025 pertinet.
1624 897 1745 995 Duae‘
1769 901 1848 996 ati-

338 1077 435 1148 tem
473 1088 499 1147 e
529 1054 671 1180 plexu
708 1055 795 1148 isto
827 1054 1052 1146 oriuntur
1083 1085 1336 1148 nervorum
1369 1027 1644 1183 propagines
1677 1059 1849 1184 princi*

336 1210 483 1338 pales,
509 1211 727 1324 assumtis
758 1207 995 1312 radicibus
1024 1243 1049 1301 e
1075 1209 1269 1338 gangliis
1289 1209 1605 1326 lumbalibus,
1638 1247 1846 1337 quorum

337 1397 436 1458 una
457 1359 635 1496 plexus
661 1363 954 1456 mesenterici
981 1365 1221 1491 irfirrioris
1249 1398 1330 1457 seu
1352 1361 1641 1460 meso-colico
1660 1369 1848 1497 insigni-

337 1543 420 1615 tur
452 1520 671 1637 nomine,
708 1519 851 1613 altera
879 1553 992 1618 vero,
1015 1521 1105 1614 sub
1136 1514 1313 1650 plexus
1344 1516 1676 1652 hypogastn'ci
1706 1526 1846 1618 deno

336 1700 605 1770 minatione
636 1697 750 1768 nota
786 1697 865 1769 est.

407 1837 449 1954 ς,
476 1841 555 1948 42.
593 1832 746 1946 Prior,
770 1852 977 1926 assumto
1005 1830 1226 1925 lascioulo
1258 1862 1425 1928 nerveo
1449 1837 1478 1924 a
1504 1833 1645 1960 plex‘u
1672 1835 1847 1930 mesen-

280 2081 299 2118 ,
336 1990 480 2083 terico
511 1989 765 2116 superiori,
800 2010 1029 2116 truncum
1064 1987 1598 2120 arteriaetmesentericaes
1617 1990 1848 2085 inferioris

338 2144 564 2267 illaqueat
574 2183 586 2254 ;
619 2145 730 2236 dein
760 2142 933 2235 ram'uli
964 2141 1208 2269 singulum
1238 2176 1427 2236 ramum
1462 2141 1738 2240 arteriosum
1778 2181 1850 2239 co-

338 2301 599 2414 mitantur,
639 2299 839 2392 eandem
873 2297 1162 2400 divisionem,
1188 2331 1242 2389 ac
1276 2289 1452 2394 arteriae
1483 2301 1589 2426 ipsae
1618 2303 1846 2417 subeunt,

338 2478 385 2552 et
407 2456 614 2579 denique
634 2455 737 2546 colo
760 2453 949 2547 sinistro
973 2475 1117 2576 atque
1135 2452 1362 2548 intestino
1386 2476 1511 2549 recto
1529 2459 1847 2583 prospiciunt,

336 2613 457 2705 dum
475 2611 722 2704 fasciculus
740 2608 913 2734 aliquis
933 2610 985 2702 in
997 2609 1172 2738 pelvim
1188 2610 1436 2706 immersus
1457 2615 1673 2735 sequenti
1689 2615 1845 2741 plexui

335 2802 429 2864 sese
454 2769 690 2864 admiscet.

341 3021 348 3034 ,
407 2931 448 3045 §.
474 2932 552 3042 43.
595 2925 686 3016 Iste
714 2921 897 3051 plexus,
929 2959 955 3018 e
983 2922 1239 3050 multiplici
1267 2924 1398 3016 sonte
1428 2947 1589 3040 natus,
1624 2927 1849 3022 sciliceta

334 3081 477 3209 plexu
508 3082 814 3208 praecedente,
844 3079 1091 3209 egangliis
1119 3079 1413 3174 lumbalibus
1440 3103 1487 3175 et
1518 3103 1689 3178 trunco
1718 3086 1848 3178 nervi

337 3237 644 3334 intercostalis
675 3236 924 3360 utriusque
962 3235 1139 3350 lateris,
1178 3257 1411 3361 tanquam
1443 3235 1568 3330 latus
1605 3239 1849 3332 funiculus

336 3394 462 3487 inter
489 3391 677 3486 arterias
703 3391 859 3503 iliacas
881 3389 1164 3519 principales
1185 3393 1387 3519 positus,-
1409 3393 1645 3518 profunde
1669 3395 1850 3488 descen-

337 3552 432 3666 dit,
463 3573 511 3644 et
535 3581 690 3642 ramos
708 3547 892 3672 aliquos
916 3581 941 3639 e
969 3548 1109 3640 tertio
1131 3569 1179 3640 et
1204 3570 1373 3673 quarto
1400 3580 1542 3642 nervo
1571 3549 1733 3641 saerali
1756 3552 1845 3643 sibi

336 3707 554 3835 adjungit
578 3745 589 3798 a
619 3739 674 3797 ex
704 3737 801 3829 quo
838 3704 1088 3798 retisormis
1114 3725 1260 3827 atque
1294 3704 1544 3832 conspicua
1573 3705 1721 3833 surgit
1751 3703 1849 3798 fila-

336 3885 612 3957 mcntorum
647 3860 912 3996 intricatio,
949 3893 1084 3985 quae,
1117 3861 1294 3966 arteriae
1326 3859 1655 3990 hypogastricae
1693 3895 1848 3954 ramos

337 4019 650 4143 insequend0,
677 4018 736 4110 ad
762 4019 1046 4111 intestinum
1066 4038 1268 4127 rectum,
1287 4019 1347 4109 ad
1370 4035 1624 4132 ureterem,
1648 4018 1845 4111 vesicam

339 4176 617 4290 urinariam,
643 4174 865 4268 vesiculas
888 4173 1136 4274 seminales
1158 4175 1315 4270 tendit
1334 4175 1386 4266 in
1412 4175 1540 4291 viris,
1569 4174 1630 4266 ad
1655 4195 1844 4268 uterum

336 4365 443 4425 vero
471 4355 615 4456 atque
643 4332 861 4459 vaginam
893 4331 945 4425 in
970 4331 1180 4428 ¹leminis.

407 4495 448 4608 5.
483 4497 561 4604 44.
608 4490 856 4582 Rarissime
905 4486 957 4581 in
1001 4491 1122 4582 uteri
1158 4487 1493 4600 substantiam,
1535 4509 1642 4580 tum
1684 4487 1843 4599 vacui,

336 4665 444 4743 tum
474 4646 677 4774 gravidi,
711 4679 804 4738 sese
837 4645 1093 4740 immittere
1116 4645 1339 4740 videntur
1372 4677 1623 4738 nervorum
1653 4642 1843 4737 surculi.

335 4803 394 4896 ln
416 4825 550 4896 utero
576 4837 813 4932 puerperae
843 4805 1093 4896 duodecim
1114 4803 1252 4896 horas
1274 4824 1379 4930 post
1403 4822 1596 4927 partum
1624 4822 1840 4916 mortuae,

336 4963 554 5052 accurato
579 4963 804 5053 'examine
836 4961 1076 5076 instituto,
1107 4955 1265 5053 nullos
1289 4958 1435 5083 reperi
1463 4950 1652 5071 nervos,
1688 4988 1843 5084 neque

336 5151 363 5209 a
382 5116 523 5246 plexu
542 5119 839 5243 spermaticO,
860 5151 1014 5242 neque
1034 5119 1094 5212 ab
1113 5116 1434 5245 hypogastrico
1454 5113 1657 5228 emissos,
1680 5145 1844 5237 quam-

335 5275 404 5386 ris
429 5307 533 5370 vasa
566 5273 822 5404 sanguinea
855 5297 905 5368 et
933 5273 1221 5405 lymphatica
1251 5270 1515 5363 admodum
1551 5270 1730 5362 suerint
1756 5269 1842 5359 dis
