5076 6816
989 679 1127 828 Ι437

324 916 507 1046 hepatis
533 914 740 1030 laesione,
759 934 923 1040 praeter
950 913 1285 1044 cephalalgiam
1311 915 1459 1010 dextri
1488 914 1666 1032 lateris,
1692 917 1832 1048 potis

324 1073 503 1166 simum
529 1072 735 1164 tinnitus
760 1071 885 1188 auris
904 1071 1093 1185 dextrae,
1114 1092 1161 1163 et
1179 1072 1402 1203 uicissim,
1427 1074 1479 1163 in
1500 1072 1638 1165 lienis
1662 1072 1829 1196 morbo

327 1225 454 1320 idem
485 1225 836 1353 phaenomenon
865 1223 1165 1342 observetur:
1193 1225 1321 1348 quod
1349 1225 1510 1341 hodie,
1543 1249 1649 1352 post
1686 1197 1833 1356 detec-

326 1403 428 1474 tam
455 1415 481 1472 a
505 1374 794 1510 Jacobsom‘o
827 1381 878 1472 in
908 1401 1138 1510 tympano
1164 1383 1484 1478 anastomosin
1514 1381 1579 1502 (l.
1610 1379 1729 1500 48),
1761 1413 1831 1512 ex·

327 1523 508 1664 plidatu
540 1557 609 1626 est
638 1534 933 1627 facillimum.
1750 1521 1752 1528 ’

400 1695 442 1810 §.
467 1667 579 1782 1n8.
603 1690 725 1806 Quis
739 1691 1135 1816 ignorat,vermes
1151 1687 1439 1785 z'ntestinoles
1455 1692 1720 1785 multorum
1738 1723 1834 1818 ma·

275 1913 279 1920 -
330 1843 487 1938 lorum
501 1877 601 1936 non
617 1876 719 1936 raro
732 1848 1068 1936 esseauctoresl
1083 1844 1293 1938 Plurima
1308 1849 1483 1939 adsunt
1495 1846 1703 1973 exempla
1715 1879 1834 1971 spas

329 2002 534 2093 ticorum
553 2035 608 2094 ex
624 1999 714 2092 bac
732 2031 865 2090 causa
886 1997 1163 2114 affectuum,
1187 2001 1414 2126 cephalaea
1435 2003 1625 2130 insigni,
1649 2033 1833 2131 spasmo

274 2185 277 2192 ’
330 2158 518 2268 nuchae,
536 2187 762 2248 sensuum
779 2152 1142 2247 obnubilatione
1164 2176 1458 2271 notatorum,
1478 2160 1561 2280 qui
1574 2211 1592 2270 ,·
1606 2159 1689 2251 ubi
1708 2189 1835 2249 venae

330 2313 575 2424 sectiones,
596 2307 975 2423 scarificationcs,
993 2331 1096 2423 etc,
1120 2310 1353 2402 incassum
1377 2291 1573 2403 fuerunt
1595 2312 1833 2426 adhibitae,

271 2494 275 2502 ’
330 2501 415 2594 per
431 2466 621 2592 pillulas
644 2464 939 2558 mercuriales
963 2463 1168 2556 laxantes
1192 2465 1578 2593 profligabantur.
1612 2453 1836 2582 Quemne

332 2623 571 2713 medicum
605 2621 747 2747 fugit,
779 2621 956 2712 labrem
985 2621 1300 2730 verminosam
1329 2621 1603 2747 gravissimis
1633 2642 1837 2748 sympto-

332 2778 540 2870 matibus
572 2776 737 2901 saepius
766 2806 857 2866 esse
882 2775 1126 2898 stipatam,
1159 2765 1297 2887 adeo,
1327 2796 1383 2865 ut
1418 2773 1641 2902 hydropis
1668 2775 1838 2868 ventri·

332 2931 550 3024 culorum
583 2928 756 3022 cerebri
783 2930 986 3020 sormam
1023 2929 1241 3042 inducat,
1264 2951 1319 3021 et
1353 2929 1486 3021 illam
1521 2929 1837 3024 nihilominus

334 3089 514 3182 idoneis'
542 3086 898 3180 medicamentis
924 3085 983 3176 ad
1013 3087 1264 3178 sanitatem
1298 3086 1455 3178 reduci
1483 3091 1647 3213 posse?

405 3250 444 3365 ς.
471 3275 581 3368 129.
606 3243 713 3334 Huc
734 3242 976 3367 pertinent
995 3261 1067 3332 tot
1084 3273 1214 3331 casus
1232 3237 1485 3356 affectuum
1501 3273 1838 3372 soporosorum

334 3393 730 3507 consensualium,
755 3397 1005 3523 apoplexiae
1026 3396 1311 3511 vicinorum,
1337 3429 1456 3520 quos
1475 3430 1529 3493 ex
1555 3400 1652 3491 imo
1675 3419 1838 3492 ventre

334 3557 394 3647 ad
422 3555 663 3647 cerebrum
688 3553 820 3676 quasi
840 3529 1092 3684 'ascendere
1115 3553 1346 3665 videmus,
1375 3575 1422 3644 et
1448 3586 1566 3680 quos
1586 3553 1838 3677 methodus

335 3737 562 3803 evacuans
599 3709 742 3837 plane
784 3708 932 3822 tollit,
976 3741 1185 3801 successu
1221 3709 1336 3800 adeo
1371 3731 1643 3824 constante,
1680 3730 1760 3825 ut,
1798 3709 1836 3802 si

336 3867 539 3993 optimos
557 3867 760 3957 medicos
775 3864 1007 3979 consulas,
1029 3863 1221 3957 nullum
1240 3862 1372 3957 facile
1389 3865 1599 3958 invenias
1619 3837 1701 3989 qui
1719 3888 1839 3972 tunc

336 4021 646 4149 purgantium
680 4054 820 4113 usum
850 4021 1110 4114 interdicat.
1150 4022 1281 4113 Idem
1306 4021 1429 4114 valet
1451 4022 1508 4113 de
1532 4021 1840 4153 deliriissym·

335 4175 601 4302 patheticis,
625 4207 832 4298 quorum
860 4199 959 4267 tam
990 4178 1208 4298 frequens
1234 4210 1287 4266 ex
1310 4175 1571 4303 praecordiis
1593 4197 1661 4270 est
1692 4177 1837 4304 origo,

338 4353 394 4424 ut
416 4331 693 4454 quotidiana
725 4317 1007 4457 experientia
1034 4327 1344 4424 confirmetur
1370 4331 1565 4425 effatum
1594 4331 1714 4424 illud
1741 4331 1842 4458 ,Tis-

337 4488 433 4578 soti
444 4486 478 4574 ¹:
504 4488 627 4598 inter
644 4487 808 4614 viginti
830 4481 1015 4602 deliria,
1036 4510 1143 4579 tum
1166 4510 1303 4580 acuta
1328 4509 1431 4592 tum
1453 4487 1699 4602 chronica,
1720 4508 1843 4578 octo·

339 4643 490 4735 decim
523 4676 576 4732 ex
610 4641 978 4770 hypochondriis
1009 4676 1114 4752 esse.
1162 4643 1298 4737 Certe
1327 4676 1490 4735 omnes
1523 4645 1630 4736 istos
1666 4629 1866 4736 cerebri

340 4795 588 4891 affectusa
626 4800 776 4892 nervis
806 4799 1105 4892 solummodo
1138 4802 1340 4925 pendere
1375 4800 1757 4893 abdominalibus
1788 4833 1843 4892 ex

223 5005 225 5010 ·
340 4987 394 5046 eo
422 4976 575 5080 patet,
612 4955 741 5078 quod
779 4954 921 5047 iidem
953 4956 1107 5048 morbi
1149 4990 1176 5046 a
1209 4957 1356 5048 causis
1386 4957 1602 5085 cognitis,
1642 4935 1841 5083 exempli

343 5323 368 5340 .-
389 5297 398 5326 ¹
424 5293 566 5360 nissen
590 5299 633 5362 de
656 5295 742 5360 febr.
765 5295 881 5364 hilios.
907 5299 1054 5386 opusc«,
1076 5304 1099 5363 l·
1128 5317 1221 5394 ¹21¹·
1246 5319 1300 5383 77·

1459 5405 1518 5499 18
