5080 6812
929 671 935 681 .
1068 717 1138 824 '¹9

344 897 712 1010 'cardiacoss'alia
736 894 998 1044 'filamenta
1034 895 1225 1007 emittit
1246 915 1386 1008 exilia
1423 917 1482 1010 ad
1521 917 1758 1013 musculos
1791 861 1872 1014 vd«

352 1075 554 1169 luntatis
596 1059 807 1202 imperio·
836 1058 1095 1199 subjectos,
1137 1074 1197 1165 ad
1233 1095 1417 1200 partem
1457 1074 1634 1170 scilicet
1681 1077 1866 1171 inferio-

349 1265 454 1327 ·rem
490 1231 694 1324 musculi
734 1230 862 1359 longi
896 1230 1027 1324 colli.
1092 1230 1239 1324 Aliud
1273 1227 1580 1325 ,filamentum
1620 1236 1863 1359 quoddam
1912 1273 1914 1278 ·

353 1389 689 1482 tenuissimum
727 1387 787 1479 ad
819 1387 1010 1480 fasciam
1043 1385 1439 1513 longitudinalcm
1471 1388 1755 1484 anteriorem
1796 1406 1867 1482 co'-

354 1547 534 1640 lumnae
557 1542 832 1638 vertebralis
847 1575 1116 1670 properare,
1141 1563 1188 1638 et
1214 1575 1240 1633 a
1262 1540 1580 1669 ligamentosis¹
1596 1541 1727 1638 fibris
1750 1545 1865 1673 ejus

356 1703 465 1794 dem
507 1699 843 1795 absconditum
889 1699 942 1793 in
984 1731 1034 1791 os
1072 1698 1228 1825 ipsum
1265 1720 1538 1826 penetrare,
1577 1699 1698 1793 mihi
1744 1703 1865 1796 vido·

354 1853 510 1950 batur.
629 1845 636 1854 ’
775 1957 777 1964 .
1045 1879 1049 1888 '
1184 1856 1189 1866 ’

351 2067 357 2076 -
427 2019 467 2134 5.
502 2043 583 2140 27.
622 2011 749 2106 Dato
778 2009 965 2139 ganglio
994 2007 1230 2106 thoracico
1245 2012 1430 2137 primo,
1458 2042 1628 2105 nervus
1651 2013 1868 2107 intereos

355 2170 462 2264 talis
488 2172 663 2272 iterum
681 2189 968 2283 coarctatur,
987 2189 1034 2259 et
1049 2165 1318 2300 brevissimo
1345 2169 1512 2261 itinere
1531 2170 1583 2262 in
1601 2172 1864 2266 secundum

350 2326 576 2455 ganglion
617 2323 902 2425 intumescit.
965 2324 1022 2416 ln
1071 2323 1320 2424 nonnullis
1360 2345 1522 2422 autem
1568 2329 1866 2423 cadaveribus

263 2534 270 2543 ·
348 2481 453 2574 „haec
499 2483 596 2574 duo
637 2479 819 2608 ganglia
865 2479 917 2570 in
957 2509 1115 2570 unum
1163 2479 1368 2572 conflata
1407 2503 1558 2575 erant,
1594 2483 1867 2607 [Descendit

351 2660 513 2764 postea
539 2658 737 2730 truncus
762 2635 894 2762 juxta
922 2633 1198 2726 columnam
1229 2635 1553 2752 vertebralem‚
1583 2642 1867 2765 profundius

350 2795 579 2887 incedens
620 2792 672 2884 in
712 2811 846 2918 parte
881 2789 1111 2917 superiori
1148 2789 1295 2918 spinae
1332 2791 1483 2906 dorsi,
1532 2794 1592 2886 ad
1629 2799 1865 2924 superiora

353 2984 465 3043 rvero
505 2946 761 3078 paululum
803 2978 1040 3075 emergens
1070 2979 1196 3074 pone
1236 2926 1469 3042 vertebras
1508 2950 1763 3046 thoracicas
1798 2954 1870 3046 ul-

353 3109 509 3203 timas.
1075 3083 1082 3112 ⁹

354 3297 359 3306 ’
432 3265 491 3356 ln
534 3261 701 3387 quovis
737 3282 972 3352 costarum
1010 3257 1257 3352 intervallo
1296 3279 1495 3353 truncus
1530 3262 1613 3355 iste
1647 3265 1869 3396 ganglion

284 3419 287 3426 ’
355 3421 508 3550 gignit
533 3449 760 3545 parvum,
784 3449 810 3508 a
831 3413 979 3542 figura
1012 3409 1539 3542 hordeiformedictum
1562 3418 1707 3513 :hinc
1732 3424 1868 3542 (cum

359 3575 615 3706 praedictis)
641 3572 890 3667 duodecim
918 3585 1240 3664 numerantur
1262 3571 1465 3700 ganglia,
1491 3605 1699 3695 quorum
1717 3582 1872 3702 ‘quod

350 3757 456 3858 ·que
484 3763 597 3824 cum
631 3731 784 3822 nervis
811 3726 1105 3854 spinalihus,
1127 3728 1250 3820 sicut
1283 3729 1334 3819 in
1361 3729 1555 3845 cervice,
1588 3731 1795 3828 cohaeret
1869 3769 1875 3782 ·

358 3925 360 3930 ¹
433 3888 625 3983 Etenim
648 3883 821 4013 singuli
852 3883 981 3975 nervi
1009 3879 1199 3976 costales
1222 3915 1401 3998 unum,
1425 3883 1495 3978 vel
1525 3885 1645 4003 duo,
1668 3913 1754 3982 aut
1778 3914 1870 3986 tres

354 4021 569 4139 ‘ramulos
593 4043 843 4154 emittunt,
863 4037 1057 4164 oblique
1083 4038 1414 4137 descendentes
1435 4059 1579 4164 atquc
1603 4045 1666 4136 ad·
1685 4046 1872 4176 singula

352 4202 545 4330 ganglia
576 4198 880 4328 pertinentes.

439 4361 478 4451 E
516 4356 684 4484 primis
717 4354 824 4447 istis
844 4351 1038 4482 gangliis
1073 4351 1472 4444 hordciformibus
1509 4387 1590 4446 seu
1630 4357 1875 4484 thoracicis

354 4513 540 4608 ramuli
571 4533 746 4605 exeunt
781 4510 1043 4622 numerosi,
1081 4508 1166 4633 qui
1197 4510 1388 4601 arterias
1420 4510 1734 4608 intercostales
1760 4516 1878 4612 inse·

366 4671 559 4796 quondo
604 4669 664 4761 ad
702 4685 884 4759 aortam
925 4665 1159 4782 tendunt,
1194 4667 1247 4759 in
1282 4665 1616 4793 cujustuuica
1655 4670 1873 4768 cellulosa

353 4828 610 4921 manifeste
641 4826 973 4918 absumuntur.

435 4989 477 5107 5.
503 4983 584 5078 28.
605 4983 706 5078 sed
725 4980 948 5109 eganglio
971 4978 1208 5074 thoracico
1229 5001 1356 5072 sexto
1377 4983 1605 5106 usquead
1630 4984 1872 5080 decimum

365 5141 437 5238 vel
473 5140 784 5236 undecimum
822 5159 1087 5231 nascuntur
1113 5137 1238 5228 rami
1269 5159 1360 5228 tres
1395 5160 1480 5230 aut
1508 5162 1737 5260 quatuor,
1769 5143 1872 5266 qui,

366 5332 506 5429 super
532 5297 655 5416 dorsi
676 5292 906 5391 vertebras
931 5295 991 5386 ad
1011 5294 1244 5390 anteriora
1272 5313 1319 5386 et
1347 5293 1566 5387 inferiora
1592 5295 1874 5418 incedendo,
2012 5427 2015 5434 .
