5076 6816
1128 691 1157 748 V

895 857 1126 939 TABULA
1161 859 1391 934 TERTIA.
1505 913 1508 924 .

388 1008 590 1110 Ganglion
633 1005 805 1114 ostendit
843 1008 1083 1083 semilunare
1123 1006 1330 1098 dextrum,
1366 1007 1408 1081 in
1453 1005 1577 1108 figura
1619 1005 1747 1110 prima
1788 1007 1899 1108 juxta
2031 1087 2034 1092 ,

438 1130 750 1236 magnitudinem
762 1132 1006 1224 naturalem,
1019 1131 1062 1209 in
1077 1130 1253 1209 secunda
1262 1157 1356 1207 vero
1375 1130 1499 1235 duplo
1511 1128 1720 1234 majorem,
1732 1131 1899 1235 pictum.

386 1281 512 1372 Figura
542 1307 573 1346 1.

436 1428 467 1470 n
491 1407 612 1472 Nervus
635 1402 849 1496 splanchnicus
867 1407 967 1496 major
986 1406 1017 1472 in
1034 1427 1087 1474 ses
1109 1421 1162 1473 aut
1186 1421 1258 1472 octo
1277 1403 1438 1475 fasciculos
1459 1405 1586 1475 divisus

436 1525 466 1596 b.
492 1528 581 1594 Rani
604 1527 816 1596 anastomotici
837 1550 908 1595 cum
927 1527 1030 1596 nervis
1052 1527 1236 1596 dorsalibus.

414 1674 464 1716 .e.
489 1650 642 1736 Ganglion
662 1653 856 1720 semilunare.

434 1771 527 1839 ddd:
545 1774 634 1848 Rani
663 1796 681 1843 e
706 1775 829 1861 ganglia
857 1775 1047 1861 egredientes
1080 1776 1121 1842 ad
1144 1774 1273 1865 plexum
1302 1775 1537 1846 mesenterieum
1562 1775 1754 1869 superiorem
1783 1775 1896 1846 consti-

484 1887 645 1953 tuendum.

432 2029 486 2079 te·
510 2009 675 2076 Foramina
696 2011 776 2098 duo,
801 2008 912 2104 quibus
932 2025 1092 2101 pertusum
1113 2027 1160 2080 est
1179 2009 1334 2098 ganglion.

383 2140 508 2232 Figura
531 2165 564 2209 a.

433 2289 466 2332 a.
490 2265 639 2362 Fasciculi
656 2268 744 2337 nervi
767 2267 955 2360 aplanehnici
974 2271 1005 2337 in
1024 2269 1168 2356 ganglion
1191 2269 1406 2355 ingredientes.

434 2387 488 2458 bb.
513 2388 659 2476 Teniole
674 2415 742 2483 quae
761 2391 905 2478 ganglion
921 2389 1088 2484 trajiciunt,
1114 2409 1147 2460 et
1170 2393 1295 2460 inlerius
1311 2393 1344 2459 in

433 2536 574 2584 eceecc.
600 2517 716 2586 Ramos
737 2515 922 2601 colligantur
944 2539 961 2584 e
986 2516 1107 2602 ganglio
1127 2532 1327 2602 emergentes.

433 2633 576 2704 ddddd.
600 2638 777 2708 Substantia
792 2637 1421 2728 orbicularis-tomentosaseuglobulum,
1435 2640 1597 2734 quainter
1611 2637 1746 2710 taeniolas
1763 2643 1843 2732 jacet
1859 2658 1891 2710 et

485 2750 535 2816 oui
551 2748 601 2817 ha
624 2751 783 2842 applicate
802 2767 984 2845 sumatque
1004 2753 1185 2822 intertexta.

431 2892 482 2939 ee.
507 2874 672 2944 Foramina
690 2876 772 2964 duo,
792 2875 904 2971 quibus
919 2891 1081 2970 pertinum
1095 2892 1142 2945 est
1159 2874 1315 2962 ganglion.

810 3013 815 3024 ⁶
878 3069 1391 3167 111111111111,

824 3231 926 3306 Vasa
952 3228 1202 3332 gangliorum
1228 3224 1448 3301 ostendens.

380 3389 455 3480 dig.
480 3415 511 3482 .¹·
536 3388 690 3478 Ganglion
710 3388 859 3460 cervicale
882 3411 1086 3482 supremum,
1114 3385 1503 3476 magnitudine'naturali5
1535 3387 1615 3456 vasis
1644 3389 1796 3458 arteriasis
1818 3411 1888 3459 aera

480 3501 615 3593 repletis.

429 3648 464 3692 a.
487 3623 640 3711 Ganglion
659 3626 761 3696 unica
779 3651 835 3696 sua
853 3624 1016 3696 inclusum.

428 3745 539 3814 bbbb.
565 3749 715 3818 Trunculi
738 3751 878 3818 arteriosi
900 3773 918 3817 e
942 3748 1049 3817 vicinis
1069 3749 1185 3816 arteriae
1211 3745 1355 3816 carotidis
1374 3746 1466 3816 ramis
1484 3745 1582 3833 enati,
1601 3746 1634 3814 in
1654 3747 1757 3816 tunica
1777 3749 1889 3835 ganglii

479 3857 625 3930 cellulo'sa
645 3864 780 3930 secunda
801 3863 904 3930 diffusi
911 3907 927 3949 ,·
942 3877 1035 3956 atque
1052 3860 1096 3928 ibi
1112 3875 1177 3928 rete
1194 3861 1371 3928 formantes.
1777 3873 1781 3882 '

377 3995 451 4086 th.
469 4017 500 4061 a.
518 3997 672 4082 Ganglion
681 3996 830 4068 cervicale
842 3998 1000 4090 superius,
1014 3996 1095 4066 vasis
1109 3995 1227 4088 injectis
1237 3995 1457 4081 ruberrimum,
1469 4015 1487 4062 e
1497 3993 1599 4063 tunica
1614 4015 1670 4064 sua
1682 3993 1885 4065 enucleatum.

427 4143 460 4185 a.
486 4119 608 4206 Ganglii
624 4121 833 4211 parencbyma
854 4123 1015 4189 nudatum.

427 4242 485 4310 bt.
511 4245 630 4312 Tunica
648 4270 665 4312 a
682 4245 803 4332 ganglia
824 4261 963 4337 separata
984 4261 1077 4339 atque
1095 4246 1220 4313 reflexa.
1350 4299 1353 4303 .

426 4391 498 4433 ece.
522 4355 673 4435 Truneuli
690 4391 836 4437 vasorum
858 4383 941 4436 retro
960 4369 1259 4466 mnicamrellexam
1280 4367 1477 4459 reptantium.

424 4491 463 4557 11
475 4490 641 4560 substantia
652 4491 764 4579 ganglii
774 4495 937 4562 tenauima
950 4493 1077 4562 vascula
1089 4493 1364 4585 deprehenduntur
1373 4494 1453 4561 inter
1462 4489 1590 4561 stamina
1601 4493 1883 4584 nerveareptaritia.

376 4635 450 4726 Flg.
472 4643 505 4703 3.
531 4635 653 4723 Ganglii
672 4639 829 4708 cervicalis
850 4640 985 4728 supremi
1007 4638 1190 4727 frustulum,
1211 4641 1291 4710 vasis
1312 4637 1447 4731 repletis.

376 4773 449 4862 Εἲς.
469 4793 503 4854 4.
530 4773 612 4842 Illud
630 4774 795 4843 frustulum
815 4775 873 4843 snb
892 4773 1098 4864 microscopio
1116 4775 1244 4865 pictum.
1351 4765 1353 4770 ’

425 4918 564 4964 aaaaa.
588 4897 738 4966 Trunculi
757 4921 914 4970 vasorum.

425 5019 536 5101 tbht.
560 5021 683 5089 Surculi
705 5022 850 5107 11111111,
867 5021 907 5088 ad
925 5019 1022 5088 latera
1045 5020 1197 5107 abientes,
1217 5020 1298 5088 sorte
1318 5019 1357 5087 ab
1377 5017 1545 5090 involueris
1568 5019 1680 5108 ganglii
1696 5020 1831 5113 abrupti.

426 5166 453 5209 e.
478 5148 550 5213 Duo
575 5145 774 5237 corpuscula,
796 5168 866 5240 quae
888 5172 907 5216 a
927 5145 1094 5218 substantia
1114 5144 1469 5215 orbiculari-tomentum
1490 5169 1545 5214 seu
1563 5144 1734 5236 globulosa
1750 5146 1881 5244 formata

475 5259 630 5328 videntur.
