<?xml version="1.0" encoding="UTF-8"?>
<!DOCTYPE html PUBLIC "-//W3C//DTD XHTML 1.0 Transitional//EN"
    "http://www.w3.org/TR/xhtml1/DTD/xhtml1-transitional.dtd">
<html xmlns="http://www.w3.org/1999/xhtml" xml:lang="en" lang="en">
 <head>
  <title>
</title>
<meta http-equiv="Content-Type" content="text/html;charset=utf-8" />
  <meta name='ocr-system' content='tesseract 3.04.00' />
  <meta name='ocr-capabilities' content='ocr_page ocr_carea ocr_par ocr_line ocrx_word'/>
</head>
<body>
  <div class='ocr_page' id='page_1' title='image "./denervisympathe00lobsgoog_0085.png"; bbox 0 0 5080 6812; ppageno 0'>
   <div class='ocr_carea' id='block_1_1' title="bbox 1360 635 1428 772">
    <p class='ocr_par' dir='ltr' id='par_1_1' title="bbox 1360 635 1428 772">
     <span class='ocr_line' id='line_1_1' title="bbox 1360 635 1428 772; baseline 0 -42"><span class='ocrx_word' id='word_1_1' title='bbox 1360 635 1428 772; x_wconf 83' lang='lat' dir='ltr'><strong>os</strong></span> 
     </span>
    </p>
   </div>
   <div class='ocr_carea' id='block_1_2' title="bbox 620 852 2197 4697">
    <p class='ocr_par' dir='ltr' id='par_1_2' title="bbox 620 852 2155 1913">
     <span class='ocr_line' id='line_1_2' title="bbox 716 852 2152 980; baseline 0.001 -34"><span class='ocrx_word' id='word_1_2' title='bbox 716 853 812 946; x_wconf 81' lang='lat' dir='ltr'>Alii</span> <span class='ocrx_word' id='word_1_3' title='bbox 839 882 945 946; x_wconf 86' lang='lat' dir='ltr'><strong>vero</strong></span> <span class='ocrx_word' id='word_1_4' title='bbox 979 852 1179 968; x_wconf 86' lang='lat' dir='ltr'><strong>ramuli,</strong></span> <span class='ocrx_word' id='word_1_5' title='bbox 1212 852 1512 957; x_wconf 80' lang='lat' dir='ltr'><strong>involuerum</strong></span> <span class='ocrx_word' id='word_1_6' title='bbox 1542 854 1805 946; x_wconf 88' lang='lat' dir='ltr'><strong>secundum</strong></span> <span class='ocrx_word' id='word_1_7' title='bbox 1839 855 2152 980; x_wconf 77' lang='lat' dir='ltr'><strong>perforantes,</strong></span> 
     </span>
     <span class='ocr_line' id='line_1_3' title="bbox 645 1007 2155 1137; baseline 0.002 -38"><span class='ocrx_word' id='word_1_8' title='bbox 645 1010 698 1102; x_wconf 91' lang='lat' dir='ltr'><strong>in</strong></span> <span class='ocrx_word' id='word_1_9' title='bbox 729 1030 1033 1135; x_wconf 88' lang='lat' dir='ltr'><strong>conspectum</strong></span> <span class='ocrx_word' id='word_1_10' title='bbox 1060 1009 1262 1102; x_wconf 87' lang='lat' dir='ltr'><strong>veniunt</strong></span> <span class='ocrx_word' id='word_1_11' title='bbox 1272 1009 1411 1127; x_wconf 60' lang='lat' dir='ltr'><strong>„obt</strong></span> <span class='ocrx_word' id='word_1_12' title='bbox 1433 1007 1604 1137; x_wconf 82' lang='lat' dir='ltr'><strong>ganglii</strong></span> <span class='ocrx_word' id='word_1_13' title='bbox 1641 1042 1746 1101; x_wconf 88' lang='lat' dir='ltr'><strong>caro</strong></span> <span class='ocrx_word' id='word_1_14' title='bbox 1777 1043 1803 1100; x_wconf 89' lang='lat' dir='ltr'><strong>a</strong></span> <span class='ocrx_word' id='word_1_15' title='bbox 1841 1011 2017 1102; x_wconf 85' lang='lat' dir='ltr'><strong>tunicis</strong></span> <span class='ocrx_word' id='word_1_16' title='bbox 2044 1011 2155 1102; x_wconf 89' lang='lat' dir='ltr'><strong>libe-</strong></span> 
     </span>
     <span class='ocr_line' id='line_1_4' title="bbox 645 1163 2152 1291; baseline -0.001 -35"><span class='ocrx_word' id='word_1_17' title='bbox 645 1186 787 1256; x_wconf 87' lang='lat' dir='ltr'><strong>ratur.</strong></span> <span class='ocrx_word' id='word_1_18' title='bbox 823 1165 932 1257; x_wconf 87' lang='lat' dir='ltr'><strong>Haeo</strong></span> <span class='ocrx_word' id='word_1_19' title='bbox 952 1167 1108 1290; x_wconf 92' lang='lat' dir='ltr'><strong>primo</strong></span> <span class='ocrx_word' id='word_1_20' title='bbox 1126 1186 1314 1290; x_wconf 85' lang='lat' dir='ltr'><strong>aspectu</strong></span> <span class='ocrx_word' id='word_1_21' title='bbox 1337 1186 1569 1287; x_wconf 90' lang='lat' dir='ltr'><strong>tanquam</strong></span> <span class='ocrx_word' id='word_1_22' title='bbox 1590 1163 1737 1290; x_wconf 88' lang='lat' dir='ltr'><strong>pulpa</strong></span> <span class='ocrx_word' id='word_1_23' title='bbox 1757 1187 1950 1291; x_wconf 91' lang='lat' dir='ltr'><strong>apparet</strong></span> <span class='ocrx_word' id='word_1_24' title='bbox 1972 1165 2113 1257; x_wconf 89' lang='lat' dir='ltr'><strong>rubra</strong></span> <span class='ocrx_word' id='word_1_25' title='bbox 2126 1163 2152 1280; x_wconf 86' lang='lat'><strong>²,</strong></span> 
     </span>
     <span class='ocr_line' id='line_1_5' title="bbox 646 1318 2154 1444; baseline 0 -33"><span class='ocrx_word' id='word_1_26' title='bbox 646 1350 751 1440; x_wconf 88' lang='lat' dir='ltr'><strong>quae</strong></span> <span class='ocrx_word' id='word_1_27' title='bbox 786 1352 914 1434; x_wconf 80' lang='lat' dir='ltr'><strong>vero,</strong></span> <span class='ocrx_word' id='word_1_28' title='bbox 947 1320 1030 1412; x_wconf 91' lang='lat' dir='ltr'><strong>ubi</strong></span> <span class='ocrx_word' id='word_1_29' title='bbox 1067 1321 1370 1444; x_wconf 87' lang='lat' dir='ltr'><strong>microscopio</strong></span> <span class='ocrx_word' id='word_1_30' title='bbox 1402 1318 1652 1433; x_wconf 90' lang='lat' dir='ltr'><strong>lustratur,</strong></span> <span class='ocrx_word' id='word_1_31' title='bbox 1686 1320 1965 1411; x_wconf 89' lang='lat' dir='ltr'><strong>innumeros</strong></span> <span class='ocrx_word' id='word_1_32' title='bbox 2001 1341 2154 1412; x_wconf 89' lang='lat' dir='ltr'><strong>osten-</strong></span> 
     </span>
     <span class='ocr_line' id='line_1_6' title="bbox 646 1471 2154 1606; baseline 0.001 -41"><span class='ocrx_word' id='word_1_33' title='bbox 646 1475 719 1565; x_wconf 91' lang='lat' dir='ltr'><strong>dit</strong></span> <span class='ocrx_word' id='word_1_34' title='bbox 751 1475 991 1588; x_wconf 91' lang='lat' dir='ltr'><strong>surculos,</strong></span> <span class='ocrx_word' id='word_1_35' title='bbox 1038 1475 1122 1599; x_wconf 90' lang='lat' dir='ltr'><strong>qui</strong></span> <span class='ocrx_word' id='word_1_36' title='bbox 1165 1477 1363 1606; x_wconf 91' lang='lat' dir='ltr'><strong>eandem</strong></span> <span class='ocrx_word' id='word_1_37' title='bbox 1399 1475 1708 1566; x_wconf 90' lang='lat' dir='ltr'><strong>directionem</strong></span> <span class='ocrx_word' id='word_1_38' title='bbox 1747 1496 1933 1566; x_wconf 82' lang='lat' dir='ltr'><strong>servant</strong></span> <span class='ocrx_word' id='word_1_39' title='bbox 1970 1507 2023 1565; x_wconf 91' lang='lat' dir='ltr'><strong>ac</strong></span> <span class='ocrx_word' id='word_1_40' title='bbox 2055 1471 2154 1567; x_wconf 88' lang='lat' dir='ltr'><strong>fila·</strong></span> 
     </span>
     <span class='ocr_line' id='line_1_7' title="bbox 620 1627 2152 1758; baseline -0.001 -37"><span class='ocrx_word' id='word_1_41' title='bbox 620 1651 807 1722; x_wconf 80' lang='lat' dir='ltr'><strong>&#39;menta</strong></span> <span class='ocrx_word' id='word_1_42' title='bbox 846 1632 969 1758; x_wconf 87' lang='lat' dir='ltr'><strong>ipsa,</strong></span> <span class='ocrx_word' id='word_1_43' title='bbox 1016 1631 1191 1753; x_wconf 90' lang='lat' dir='ltr'><strong>quibus</strong></span> <span class='ocrx_word' id='word_1_44' title='bbox 1229 1629 1449 1757; x_wconf 84' lang='lat' dir='ltr'><strong>ganglion</strong></span> <span class='ocrx_word' id='word_1_45' title='bbox 1492 1627 1847 1755; x_wconf 84' lang='lat' dir='ltr'><strong>componitur²,</strong></span> <span class='ocrx_word' id='word_1_46' title='bbox 1888 1649 1935 1720; x_wconf 91' lang='lat' dir='ltr'><strong>et</strong></span> <span class='ocrx_word' id='word_1_47' title='bbox 1975 1628 2152 1751; x_wconf 91' lang='lat' dir='ltr'><strong>quibus</strong></span> 
     </span>
     <span class='ocr_line' id='line_1_8' title="bbox 646 1765 2043 1913; baseline -0.001 -37"><span class='ocrx_word' id='word_1_48' title='bbox 646 1818 795 1911; x_wconf 89' lang='lat' dir='ltr'><strong>pauca</strong></span> <span class='ocrx_word' id='word_1_49' title='bbox 824 1786 1096 1913; x_wconf 85' lang='lat' dir='ltr'><strong>interspersa</strong></span> <span class='ocrx_word' id='word_1_50' title='bbox 1130 1806 1198 1877; x_wconf 89' lang='lat' dir='ltr'><strong>est</strong></span> <span class='ocrx_word' id='word_1_51' title='bbox 1229 1786 1442 1880; x_wconf 88' lang='lat' dir='ltr'><strong>materies</strong></span> <span class='ocrx_word' id='word_1_52' title='bbox 1469 1765 2043 1910; x_wconf 77' lang='lat' dir='ltr'><strong>tomentoso-globulosa.³</strong></span> 
     </span>
    </p>

    <p class='ocr_par' dir='ltr' id='par_1_3' title="bbox 647 1936 2153 2533">
     <span class='ocr_line' id='line_1_9' title="bbox 719 1936 2153 2067; baseline -0.003 -35"><span class='ocrx_word' id='word_1_53' title='bbox 719 1939 993 2033; x_wconf 80' lang='lat' dir='ltr'>Admodum</span> <span class='ocrx_word' id='word_1_54' title='bbox 1023 1941 1267 2067; x_wconf 86' lang='lat' dir='ltr'>probabile</span> <span class='ocrx_word' id='word_1_55' title='bbox 1302 1962 1396 2054; x_wconf 90' lang='lat' dir='ltr'><strong>est,</strong></span> <span class='ocrx_word' id='word_1_56' title='bbox 1431 1937 1697 2032; x_wconf 89' lang='lat' dir='ltr'><strong>arteriolam</strong></span> <span class='ocrx_word' id='word_1_57' title='bbox 1729 1936 2048 2060; x_wconf 81' lang='lat' dir='ltr'><strong>venulamque</strong></span> <span class='ocrx_word' id='word_1_58' title='bbox 2081 1968 2153 2028; x_wconf 82' lang='lat' dir='ltr'><strong>co</strong></span> 
     </span>
     <span class='ocr_line' id='line_1_10' title="bbox 648 2091 2150 2223; baseline -0.002 -37"><span class='ocrx_word' id='word_1_59' title='bbox 648 2096 806 2187; x_wconf 91' lang='lat' dir='ltr'><strong>mitari</strong></span> <span class='ocrx_word' id='word_1_60' title='bbox 850 2096 1032 2223; x_wconf 83' lang='lat' dir='ltr'><strong>singula</strong></span> <span class='ocrx_word' id='word_1_61' title='bbox 1067 2096 1270 2188; x_wconf 91' lang='lat' dir='ltr'><strong>stamina</strong></span> <span class='ocrx_word' id='word_1_62' title='bbox 1313 2126 1533 2207; x_wconf 84' lang='lat' dir='ltr'><strong>nervosa,</strong></span> <span class='ocrx_word' id='word_1_63' title='bbox 1577 2093 1740 2186; x_wconf 91' lang='lat' dir='ltr'><strong>eodem</strong></span> <span class='ocrx_word' id='word_1_64' title='bbox 1785 2094 1927 2184; x_wconf 93' lang='lat' dir='ltr'><strong>modo</strong></span> <span class='ocrx_word' id='word_1_65' title='bbox 1970 2091 2053 2215; x_wconf 92' lang='lat' dir='ltr'><strong>qui</strong></span> <span class='ocrx_word' id='word_1_66' title='bbox 2098 2093 2150 2183; x_wconf 94' lang='lat' dir='ltr'><strong>in</strong></span> 
     </span>
     <span class='ocr_line' id='line_1_11' title="bbox 647 2248 2152 2378; baseline -0.001 -37"><span class='ocrx_word' id='word_1_67' title='bbox 647 2250 904 2378; x_wconf 84' lang='lat' dir='ltr'><strong>majoribus</strong></span> <span class='ocrx_word' id='word_1_68' title='bbox 940 2275 1192 2366; x_wconf 67' lang='lat' dir='ltr'><strong>neruorum</strong></span> <span class='ocrx_word' id='word_1_69' title='bbox 1224 2251 1365 2343; x_wconf 88' lang='lat' dir='ltr'><strong>ramis</strong></span> <span class='ocrx_word' id='word_1_70' title='bbox 1402 2251 1681 2343; x_wconf 90' lang='lat' dir='ltr'><strong>observatur.</strong></span> <span class='ocrx_word' id='word_1_71' title='bbox 1728 2249 1942 2362; x_wconf 84' lang='lat' dir='ltr'><strong>Exinde,</strong></span> <span class='ocrx_word' id='word_1_72' title='bbox 1976 2248 2152 2370; x_wconf 85' lang='lat' dir='ltr'><strong>absque</strong></span> 
     </span>
     <span class='ocr_line' id='line_1_12' title="bbox 647 2404 1845 2533; baseline -0.002 -37"><span class='ocrx_word' id='word_1_73' title='bbox 647 2405 814 2518; x_wconf 91' lang='lat' dir='ltr'><strong>dubio,</strong></span> <span class='ocrx_word' id='word_1_74' title='bbox 843 2404 970 2497; x_wconf 91' lang='lat' dir='ltr'><strong>color</strong></span> <span class='ocrx_word' id='word_1_75' title='bbox 1003 2405 1144 2498; x_wconf 92' lang='lat' dir='ltr'><strong>ruber</strong></span> <span class='ocrx_word' id='word_1_76' title='bbox 1179 2404 1584 2533; x_wconf 78' lang='lat' dir='ltr'><strong>pendet‘gangliis</strong></span> <span class='ocrx_word' id='word_1_77' title='bbox 1618 2405 1845 2530; x_wconf 89' lang='lat' dir='ltr'><strong>proprius.</strong></span> 
     </span>
    </p>

    <p class='ocr_par' dir='ltr' id='par_1_4' title="bbox 646 2555 2153 3463">
     <span class='ocr_line' id='line_1_13' title="bbox 725 2555 2151 2686; baseline -0.001 -34"><span class='ocrx_word' id='word_1_78' title='bbox 725 2559 784 2652; x_wconf 91' lang='lat' dir='ltr'><em>V</em></span> <span class='ocrx_word' id='word_1_79' title='bbox 777 2555 924 2651; x_wconf 83' lang='lat' dir='ltr'><strong>enulae</strong></span> <span class='ocrx_word' id='word_1_80' title='bbox 942 2560 1086 2686; x_wconf 84' lang='lat' dir='ltr'><strong>paulo</strong></span> <span class='ocrx_word' id='word_1_81' title='bbox 1116 2558 1250 2653; x_wconf 89' lang='lat' dir='ltr'><strong>aliter</strong></span> <span class='ocrx_word' id='word_1_82' title='bbox 1273 2595 1319 2654; x_wconf 94' lang='lat' dir='ltr'><strong>se</strong></span> <span class='ocrx_word' id='word_1_83' title='bbox 1340 2559 1522 2654; x_wconf 92' lang='lat' dir='ltr'><strong>habent</strong></span> <span class='ocrx_word' id='word_1_84' title='bbox 1542 2571 1595 2653; x_wconf 80' lang='lat' dir='ltr'><strong>a&#39;c</strong></span> <span class='ocrx_word' id='word_1_85' title='bbox 1620 2561 1808 2651; x_wconf 76' lang='lat' dir='ltr'><strong>arteriae.</strong></span> <span class='ocrx_word' id='word_1_86' title='bbox 1836 2558 1936 2651; x_wconf 73' lang='lat' dir='ltr'><strong>&#39;lltae</strong></span> <span class='ocrx_word' id='word_1_87' title='bbox 1967 2559 2151 2674; x_wconf 89' lang='lat' dir='ltr'><strong>itidem,</strong></span> 
     </span>
     <span class='ocr_line' id='line_1_14' title="bbox 648 2714 2151 2843; baseline -0.001 -38"><span class='ocrx_word' id='word_1_88' title='bbox 648 2715 699 2806; x_wconf 93' lang='lat' dir='ltr'><strong>in</strong></span> <span class='ocrx_word' id='word_1_89' title='bbox 732 2714 916 2842; x_wconf 83' lang='lat' dir='ltr'><strong>ganglio</strong></span> <span class='ocrx_word' id='word_1_90' title='bbox 947 2715 1155 2809; x_wconf 87' lang='lat' dir='ltr'><strong>cervicali</strong></span> <span class='ocrx_word' id='word_1_91' title='bbox 1194 2716 1428 2843; x_wconf 88' lang='lat' dir='ltr'><strong>superiori</strong></span> <span class='ocrx_word' id='word_1_92' title='bbox 1456 2716 1748 2828; x_wconf 86' lang='lat' dir='ltr'><strong>examinatae,</strong></span> <span class='ocrx_word' id='word_1_93' title='bbox 1781 2735 1924 2836; x_wconf 92' lang='lat' dir='ltr'><strong>atque</strong></span> <span class='ocrx_word' id='word_1_94' title='bbox 1957 2715 2151 2806; x_wconf 89' lang='lat' dir='ltr'><strong>materia</strong></span> 
     </span>
     <span class='ocr_line' id='line_1_15' title="bbox 647 2866 2151 2999; baseline -0.001 -37"><span class='ocrx_word' id='word_1_95' title='bbox 647 2870 784 2962; x_wconf 89' lang='lat' dir='ltr'><strong>viridi</strong></span> <span class='ocrx_word' id='word_1_96' title='bbox 832 2869 1064 2996; x_wconf 76' lang='lat' dir='ltr'><strong>impletae,</strong></span> <span class='ocrx_word' id='word_1_97' title='bbox 1100 2866 1305 2999; x_wconf 77' lang='lat' dir='ltr'><strong>plexum</strong></span> <span class='ocrx_word' id='word_1_98' title='bbox 1337 2871 1668 2964; x_wconf 83' lang='lat' dir='ltr'><strong>monstrabant</strong></span> <span class='ocrx_word' id='word_1_99' title='bbox 1708 2872 1760 2961; x_wconf 93' lang='lat' dir='ltr'><strong>in</strong></span> <span class='ocrx_word' id='word_1_100' title='bbox 1804 2891 1938 2995; x_wconf 91' lang='lat' dir='ltr'><strong>parte</strong></span> <span class='ocrx_word' id='word_1_101' title='bbox 1979 2868 2151 2997; x_wconf 82' lang='lat' dir='ltr'><strong>ganglii</strong></span> 
     </span>
     <span class='ocr_line' id='line_1_16' title="bbox 646 3025 2152 3151; baseline 0.001 -35"><span class='ocrx_word' id='word_1_102' title='bbox 646 3057 888 3151; x_wconf 88' lang='lat' dir='ltr'><strong>suprema,</strong></span> <span class='ocrx_word' id='word_1_103' title='bbox 917 3058 941 3116; x_wconf 88' lang='lat' dir='ltr'><strong>e</strong></span> <span class='ocrx_word' id='word_1_104' title='bbox 969 3057 1066 3148; x_wconf 92' lang='lat' dir='ltr'><strong>quo</strong></span> <span class='ocrx_word' id='word_1_105' title='bbox 1088 3025 1260 3118; x_wconf 86' lang='lat' dir='ltr'><strong>ramuli</strong></span> <span class='ocrx_word' id='word_1_106' title='bbox 1286 3026 1630 3118; x_wconf 77' lang='lat' dir='ltr'><strong>descendebant</strong></span> <span class='ocrx_word' id='word_1_107' title='bbox 1657 3025 1915 3137; x_wconf 85' lang='lat' dir='ltr'><strong>numerosi,</strong></span> <span class='ocrx_word' id='word_1_108' title='bbox 1944 3056 2152 3146; x_wconf 91' lang='lat' dir='ltr'><strong>quorum</strong></span> 
     </span>
     <span class='ocr_line' id='line_1_17' title="bbox 647 3178 2153 3309; baseline -0.001 -37"><span class='ocrx_word' id='word_1_109' title='bbox 647 3179 728 3273; x_wconf 84' lang='lat' dir='ltr'><strong>alii</strong></span> <span class='ocrx_word' id='word_1_110' title='bbox 755 3202 1012 3278; x_wconf 86' lang='lat' dir='ltr'><strong>transverso</strong></span> <span class='ocrx_word' id='word_1_111' title='bbox 1037 3181 1180 3273; x_wconf 94' lang='lat' dir='ltr'><strong>modo</strong></span> <span class='ocrx_word' id='word_1_112' title='bbox 1203 3181 1533 3294; x_wconf 86' lang='lat' dir='ltr'><strong>decurrebant,</strong></span> <span class='ocrx_word' id='word_1_113' title='bbox 1563 3182 1682 3272; x_wconf 90' lang='lat' dir='ltr'><strong>dum</strong></span> <span class='ocrx_word' id='word_1_114' title='bbox 1707 3180 1786 3271; x_wconf 87' lang='lat' dir='ltr'><strong>alii</strong></span> <span class='ocrx_word' id='word_1_115' title='bbox 1809 3178 1980 3309; x_wconf 85' lang='lat' dir='ltr'><strong>ganglii</strong></span> <span class='ocrx_word' id='word_1_116' title='bbox 2012 3179 2153 3271; x_wconf 90' lang='lat' dir='ltr'><strong>direo-</strong></span> 
     </span>
     <span class='ocr_line' id='line_1_18' title="bbox 648 3317 1649 3463; baseline 0 -37"><span class='ocrx_word' id='word_1_117' title='bbox 648 3337 830 3427; x_wconf 88' lang='lat' dir='ltr'><strong>tionem</strong></span> <span class='ocrx_word' id='word_1_118' title='bbox 862 3334 1255 3463; x_wconf 84' lang='lat' dir='ltr'><strong>longitudinaiem</strong></span> <span class='ocrx_word' id='word_1_119' title='bbox 1290 3317 1649 3459; x_wconf 75' lang='lat' dir='ltr'><strong>sequebantur.⁴</strong></span> 
     </span>
    </p>

    <p class='ocr_par' dir='ltr' id='par_1_5' title="bbox 646 3485 2197 4238">
     <span class='ocr_line' id='line_1_19' title="bbox 721 3485 2154 3619; baseline 0.001 -37"><span class='ocrx_word' id='word_1_120' title='bbox 721 3491 866 3606; x_wconf 89' lang='lat' dir='ltr'><strong>Quod</strong></span> <span class='ocrx_word' id='word_1_121' title='bbox 892 3492 952 3582; x_wconf 88' lang='lat' dir='ltr'><strong>ad</strong></span> <span class='ocrx_word' id='word_1_122' title='bbox 984 3523 1101 3582; x_wconf 82' lang='lat' dir='ltr'><strong>vasa</strong></span> <span class='ocrx_word' id='word_1_123' title='bbox 1133 3485 1425 3619; x_wconf 74' lang='lat' dir='ltr'><strong>lymphatica</strong></span> <span class='ocrx_word' id='word_1_124' title='bbox 1452 3493 1647 3606; x_wconf 88' lang='lat' dir='ltr'><strong>attinet,</strong></span> <span class='ocrx_word' id='word_1_125' title='bbox 1684 3523 1848 3584; x_wconf 87' lang='lat' dir='ltr'><strong>eorum</strong></span> <span class='ocrx_word' id='word_1_126' title='bbox 1879 3491 2042 3615; x_wconf 83' lang='lat' dir='ltr'><strong>saepius</strong></span> <span class='ocrx_word' id='word_1_127' title='bbox 2075 3489 2154 3584; x_wconf 81' lang='lat' dir='ltr'><strong>ob</strong></span> 
     </span>
     <span class='ocr_line' id='line_1_20' title="bbox 646 3641 2153 3774; baseline -0.002 -35"><span class='ocrx_word' id='word_1_128' title='bbox 646 3646 818 3739; x_wconf 75' lang='lat' dir='ltr'><strong>servasi</strong></span> <span class='ocrx_word' id='word_1_129' title='bbox 858 3648 971 3740; x_wconf 91' lang='lat' dir='ltr'><strong>retia</strong></span> <span class='ocrx_word' id='word_1_130' title='bbox 1012 3646 1131 3739; x_wconf 87' lang='lat' dir='ltr'><strong>circa</strong></span> <span class='ocrx_word' id='word_1_131' title='bbox 1166 3644 1347 3774; x_wconf 84' lang='lat' dir='ltr'><strong>ganglia</strong></span> <span class='ocrx_word' id='word_1_132' title='bbox 1388 3641 1647 3771; x_wconf 83' lang='lat' dir='ltr'><strong>reptantia,</strong></span> <span class='ocrx_word' id='word_1_133' title='bbox 1692 3646 1991 3772; x_wconf 90' lang='lat' dir='ltr'><strong>potissimum</strong></span> <span class='ocrx_word' id='word_1_134' title='bbox 2033 3648 2153 3774; x_wconf 86' lang='lat' dir='ltr'><strong>eirca</strong></span> 
     </span>
     <span class='ocr_line' id='line_1_21' title="bbox 648 3800 2197 3930; baseline 0.001 -38"><span class='ocrx_word' id='word_1_135' title='bbox 648 3800 868 3930; x_wconf 82' lang='lat' dir='ltr'><strong>ganglion</strong></span> <span class='ocrx_word' id='word_1_136' title='bbox 893 3801 1185 3897; x_wconf 82' lang='lat' dir='ltr'><strong>thoracioum</strong></span> <span class='ocrx_word' id='word_1_137' title='bbox 1203 3802 1443 3927; x_wconf 81' lang='lat' dir='ltr'><strong>primum3</strong></span> <span class='ocrx_word' id='word_1_138' title='bbox 1470 3803 1548 3894; x_wconf 90' lang='lat' dir='ltr'><strong>sed</strong></span> <span class='ocrx_word' id='word_1_139' title='bbox 1570 3802 1789 3894; x_wconf 93' lang='lat' dir='ltr'><strong>nondum</strong></span> <span class='ocrx_word' id='word_1_140' title='bbox 1810 3801 1932 3894; x_wconf 91' lang='lat' dir='ltr'><strong>mibi</strong></span> <span class='ocrx_word' id='word_1_141' title='bbox 1957 3801 2154 3928; x_wconf 86' lang='lat' dir='ltr'><strong>contigit</strong></span> <span class='ocrx_word' id='word_1_142' title='bbox 2184 3867 2197 3893; x_wconf 87' lang='lat'><strong>.</strong></span> 
     </span>
     <span class='ocr_line' id='line_1_22' title="bbox 649 3956 2153 4086; baseline 0.001 -38"><span class='ocrx_word' id='word_1_143' title='bbox 649 3991 701 4048; x_wconf 90' lang='lat' dir='ltr'><strong>ea</strong></span> <span class='ocrx_word' id='word_1_144' title='bbox 729 3957 961 4050; x_wconf 88' lang='lat' dir='ltr'><strong>mercurio</strong></span> <span class='ocrx_word' id='word_1_145' title='bbox 991 3956 1270 4083; x_wconf 81' lang='lat' dir='ltr'><strong>implevisse,</strong></span> <span class='ocrx_word' id='word_1_146' title='bbox 1294 3977 1504 4081; x_wconf 82' lang='lat' dir='ltr'><strong>eumque</strong></span> <span class='ocrx_word' id='word_1_147' title='bbox 1523 3959 1596 4050; x_wconf 87' lang='lat' dir='ltr'><strong>via</strong></span> <span class='ocrx_word' id='word_1_148' title='bbox 1618 3960 1878 4086; x_wconf 85' lang='lat' dir='ltr'><strong>retrograda</strong></span> <span class='ocrx_word' id='word_1_149' title='bbox 1900 3959 1951 4076; x_wconf 84' lang='lat' dir='ltr'><strong>iu</strong></span> <span class='ocrx_word' id='word_1_150' title='bbox 1971 3956 2153 4086; x_wconf 83' lang='lat' dir='ltr'><strong>ganglia</strong></span> 
     </span>
     <span class='ocr_line' id='line_1_23' title="bbox 650 4111 988 4238; baseline 0.003 -35"><span class='ocrx_word' id='word_1_151' title='bbox 650 4111 891 4238; x_wconf 90' lang='lat' dir='ltr'><strong>depulisse.</strong></span> <span class='ocrx_word' id='word_1_152' title='bbox 984 4215 988 4228; x_wconf 23' lang='lat'>⁵</span> 
     </span>
    </p>

    <p class='ocr_par' dir='ltr' id='par_1_6' title="bbox 648 4243 2154 4697">
     <span class='ocr_line' id='line_1_24' title="bbox 721 4243 2153 4395; baseline 0.003 -39"><span class='ocrx_word' id='word_1_153' title='bbox 721 4271 761 4386; x_wconf 55' lang='grc' dir='ltr'><strong>ς.</strong></span> <span class='ocrx_word' id='word_1_154' title='bbox 790 4265 870 4392; x_wconf 84' lang='lat'><strong>87.</strong></span> <span class='ocrx_word' id='word_1_155' title='bbox 909 4266 1020 4381; x_wconf 91' lang='lat' dir='ltr'><strong>Quo</strong></span> <span class='ocrx_word' id='word_1_156' title='bbox 1055 4243 1199 4394; x_wconf 84' lang='lat' dir='ltr'><strong>magis</strong></span> <span class='ocrx_word' id='word_1_157' title='bbox 1226 4267 1278 4360; x_wconf 91' lang='lat' dir='ltr'><strong>in</strong></span> <span class='ocrx_word' id='word_1_158' title='bbox 1299 4266 1596 4395; x_wconf 85' lang='lat' dir='ltr'><strong>gangliorum</strong></span> <span class='ocrx_word' id='word_1_159' title='bbox 1621 4290 1842 4361; x_wconf 90' lang='lat' dir='ltr'><strong>naturam</strong></span> <span class='ocrx_word' id='word_1_160' title='bbox 1866 4287 2153 4394; x_wconf 85' lang='lat' dir='ltr'><strong>penetraret,</strong></span> 
     </span>
     <span class='ocr_line' id='line_1_25' title="bbox 651 4414 2154 4549; baseline 0.005 -37"><span class='ocrx_word' id='word_1_161' title='bbox 651 4414 820 4512; x_wconf 69' lang='lat' dir='ltr'><strong>Bethar</strong></span> <span class='ocrx_word' id='word_1_162' title='bbox 852 4422 977 4515; x_wconf 89' lang='lat' dir='ltr'><strong>varia</strong></span> <span class='ocrx_word' id='word_1_163' title='bbox 1005 4422 1320 4548; x_wconf 87' lang='lat' dir='ltr'><strong>experimenta</strong></span> <span class='ocrx_word' id='word_1_164' title='bbox 1356 4421 1565 4517; x_wconf 90' lang='lat' dir='ltr'><strong>instituit</strong></span> <span class='ocrx_word' id='word_1_165' title='bbox 1599 4422 1830 4540; x_wconf 73' lang='lat' dir='ltr'><strong>chemino,</strong></span> <span class='ocrx_word' id='word_1_166' title='bbox 1864 4453 1968 4546; x_wconf 86' lang='lat' dir='ltr'><strong>quae</strong></span> <span class='ocrx_word' id='word_1_167' title='bbox 1998 4421 2154 4549; x_wconf 85' lang='lat' dir='ltr'><strong>ipsum</strong></span> 
     </span>
     <span class='ocr_line' id='line_1_26' title="bbox 648 4555 1240 4697; baseline 0.003 -30"><span class='ocrx_word' id='word_1_168' title='bbox 648 4577 892 4697; x_wconf 90' lang='lat' dir='ltr'><strong>sequentia</strong></span> <span class='ocrx_word' id='word_1_169' title='bbox 934 4555 1240 4670; x_wconf 85' lang='lat' dir='ltr'><strong>docuerunt⁵</strong></span> 
     </span>
    </p>
   </div>
   <div class='ocr_carea' id='block_1_3' title="bbox 697 4777 1596 5325">
    <p class='ocr_par' dir='ltr' id='par_1_7' title="bbox 700 4777 1492 4868">
     <span class='ocr_line' id='line_1_27' title="bbox 700 4777 1492 4868; baseline 0.008 -27"><span class='ocrx_word' id='word_1_170' title='bbox 700 4780 708 4807; x_wconf 90' lang='lat'>¹</span> <span class='ocrx_word' id='word_1_171' title='bbox 733 4777 873 4847; x_wconf 67' lang='lat' dir='ltr'><strong>Tabulae</strong></span> <span class='ocrx_word' id='word_1_172' title='bbox 897 4786 1025 4859; x_wconf 70' lang='lat' dir='ltr'><strong>quarta</strong></span> <span class='ocrx_word' id='word_1_173' title='bbox 1046 4777 1158 4865; x_wconf 82' lang='lat' dir='ltr'><strong>figura</strong></span> <span class='ocrx_word' id='word_1_174' title='bbox 1179 4783 1350 4868; x_wconf 75' lang='lat' dir='ltr'><strong>secunda,</strong></span> <span class='ocrx_word' id='word_1_175' title='bbox 1371 4779 1436 4846; x_wconf 84' lang='lat' dir='ltr'><strong>litt.</strong></span> <span class='ocrx_word' id='word_1_176' title='bbox 1458 4804 1492 4848; x_wconf 77' lang='lat' dir='ltr'><strong>a.</strong></span> 
     </span>
    </p>

    <p class='ocr_par' dir='ltr' id='par_1_8' title="bbox 698 4891 1310 4980">
     <span class='ocr_line' id='line_1_28' title="bbox 698 4891 1310 4980; baseline 0.01 -26"><span class='ocrx_word' id='word_1_177' title='bbox 698 4894 710 4922; x_wconf 86' lang='lat'><strong>¹</strong></span> <span class='ocrx_word' id='word_1_178' title='bbox 732 4891 873 4960; x_wconf 81' lang='lat' dir='ltr'><strong>Tabulae</strong></span> <span class='ocrx_word' id='word_1_179' title='bbox 896 4902 1025 4978; x_wconf 72' lang='lat' dir='ltr'><strong>quarta</strong></span> <span class='ocrx_word' id='word_1_180' title='bbox 1046 4891 1158 4980; x_wconf 85' lang='lat' dir='ltr'><strong>figura</strong></span> <span class='ocrx_word' id='word_1_181' title='bbox 1180 4902 1310 4976; x_wconf 71' lang='lat' dir='ltr'><strong>quarta.</strong></span> 
     </span>
    </p>

    <p class='ocr_par' dir='ltr' id='par_1_9' title="bbox 698 4985 1214 5094">
     <span class='ocr_line' id='line_1_29' title="bbox 698 4985 1214 5094; baseline 0.012 -27"><span class='ocrx_word' id='word_1_182' title='bbox 698 4997 711 5037; x_wconf 81' lang='lat'>⁸</span> <span class='ocrx_word' id='word_1_183' title='bbox 735 5007 863 5092; x_wconf 79' lang='lat' dir='ltr'><strong>Figura</strong></span> <span class='ocrx_word' id='word_1_184' title='bbox 884 5008 1067 5094; x_wconf 64' lang='lat' dir='ltr'><strong>predica,</strong></span> <span class='ocrx_word' id='word_1_185' title='bbox 1092 5009 1157 5073; x_wconf 88' lang='lat' dir='ltr'><strong>litt.</strong></span> <span class='ocrx_word' id='word_1_186' title='bbox 1180 4985 1214 5073; x_wconf 56' lang='lat' dir='ltr'><strong>ci</strong></span> 
     </span>
    </p>

    <p class='ocr_par' dir='ltr' id='par_1_10' title="bbox 697 5110 1311 5208">
     <span class='ocr_line' id='line_1_30' title="bbox 697 5110 1311 5208; baseline 0.01 -26"><span class='ocrx_word' id='word_1_187' title='bbox 697 5110 874 5184; x_wconf 74' lang='lat' dir='ltr'><strong>⁴Tabulae</strong></span> <span class='ocrx_word' id='word_1_188' title='bbox 897 5132 1025 5203; x_wconf 70' lang='lat' dir='ltr'><strong>quarta</strong></span> <span class='ocrx_word' id='word_1_189' title='bbox 1047 5121 1158 5208; x_wconf 84' lang='lat' dir='ltr'><strong>figura</strong></span> <span class='ocrx_word' id='word_1_190' title='bbox 1181 5123 1311 5204; x_wconf 85' lang='lat' dir='ltr'><strong>quinta.</strong></span> 
     </span>
    </p>

    <p class='ocr_par' dir='ltr' id='par_1_11' title="bbox 699 5221 1596 5325">
     <span class='ocr_line' id='line_1_31' title="bbox 699 5221 1596 5325; baseline 0.011 -29"><span class='ocrx_word' id='word_1_191' title='bbox 699 5221 711 5261; x_wconf 84' lang='lat'>⁵</span> <span class='ocrx_word' id='word_1_192' title='bbox 734 5231 927 5298; x_wconf 82' lang='lat' dir='ltr'><strong>Anatomie</strong></span> <span class='ocrx_word' id='word_1_193' title='bbox 944 5239 1130 5325; x_wconf 63' lang='lat' dir='ltr'><strong>generale,</strong></span> <span class='ocrx_word' id='word_1_194' title='bbox 1155 5247 1238 5304; x_wconf 77' lang='lat' dir='ltr'><strong>tom.</strong></span> <span class='ocrx_word' id='word_1_195' title='bbox 1264 5262 1301 5321; x_wconf 87' lang='grc' dir='ltr'><strong>ι,</strong></span> <span class='ocrx_word' id='word_1_196' title='bbox 1318 5261 1358 5324; x_wconf 85' lang='lat' dir='ltr'><strong>p.</strong></span> <span class='ocrx_word' id='word_1_197' title='bbox 1379 5259 1443 5307; x_wconf 78' lang='lat'><strong>221</strong></span> <span class='ocrx_word' id='word_1_198' title='bbox 1463 5251 1499 5308; x_wconf 83' lang='lat' dir='ltr'><strong>et</strong></span> <span class='ocrx_word' id='word_1_199' title='bbox 1520 5262 1596 5312; x_wconf 76' lang='lat' dir='ltr'><strong>aaa.</strong></span> 
     </span>
    </p>
   </div>
   <div class='ocr_carea' id='block_1_4' title="bbox 0 0 2554 6804">
    <p class='ocr_par' dir='ltr' id='par_1_12' title="bbox 0 0 2554 6804">
     <span class='ocr_line' id='line_1_32' title="bbox 0 0 2554 6804; baseline 0 0"><span class='ocrx_word' id='word_1_200' title='bbox 0 0 2554 6804; x_wconf 95' lang='lat' dir='ltr'><strong> </strong></span> 
     </span>
    </p>
   </div>
  </div>
 </body>
</html>
