<?xml version="1.0" encoding="UTF-8"?>
<!DOCTYPE html PUBLIC "-//W3C//DTD XHTML 1.0 Transitional//EN"
    "http://www.w3.org/TR/xhtml1/DTD/xhtml1-transitional.dtd">
<html xmlns="http://www.w3.org/1999/xhtml" xml:lang="en" lang="en">
 <head>
  <title>
</title>
<meta http-equiv="Content-Type" content="text/html;charset=utf-8" />
  <meta name='ocr-system' content='tesseract 3.04.00' />
  <meta name='ocr-capabilities' content='ocr_page ocr_carea ocr_par ocr_line ocrx_word'/>
</head>
<body>
  <div class='ocr_page' id='page_1' title='image "./denervisympathe00lobsgoog_0117.png"; bbox 0 0 5076 6816; ppageno 0'>
   <div class='ocr_carea' id='block_1_1' title="bbox 1394 757 1489 817">
    <p class='ocr_par' dir='ltr' id='par_1_1' title="bbox 1394 757 1489 817">
     <span class='ocr_line' id='line_1_1' title="bbox 1394 757 1489 817; baseline 0.021 -2"><span class='ocrx_word' id='word_1_1' title='bbox 1394 757 1489 817; x_wconf 87' lang='lat'><strong>100</strong></span> 
     </span>
    </p>
   </div>
   <div class='ocr_carea' id='block_1_2' title="bbox 681 934 2311 5440">
    <p class='ocr_par' dir='ltr' id='par_1_2' title="bbox 682 934 2311 4655">
     <span class='ocr_line' id='line_1_2' title="bbox 688 934 2197 1074; baseline 0.002 -43"><span class='ocrx_word' id='word_1_2' title='bbox 688 958 925 1032; x_wconf 82' lang='lat' dir='ltr'><strong>contactu.</strong></span> <span class='ocrx_word' id='word_1_3' title='bbox 986 936 1179 1065; x_wconf 81' lang='lat' dir='ltr'>Propria</span> <span class='ocrx_word' id='word_1_4' title='bbox 1219 934 1314 1074; x_wconf 83' lang='lat' dir='ltr'><strong>lege</strong></span> <span class='ocrx_word' id='word_1_5' title='bbox 1351 938 1564 1060; x_wconf 74' lang='lat' dir='ltr'><strong>statuisse</strong></span> <span class='ocrx_word' id='word_1_6' title='bbox 1600 935 1786 1031; x_wconf 84' lang='lat' dir='ltr'><strong>videtur</strong></span> <span class='ocrx_word' id='word_1_7' title='bbox 1826 957 2025 1054; x_wconf 88' lang='lat' dir='ltr'><strong>natura,</strong></span> <span class='ocrx_word' id='word_1_8' title='bbox 2073 973 2197 1071; x_wconf 72' lang='lat' dir='ltr'><strong>orga-</strong></span> 
     </span>
     <span class='ocr_line' id='line_1_3' title="bbox 689 1081 2194 1221; baseline 0.002 -35"><span class='ocrx_word' id='word_1_9' title='bbox 689 1094 764 1186; x_wconf 92' lang='lat' dir='ltr'><strong>nis</strong></span> <span class='ocrx_word' id='word_1_10' title='bbox 791 1094 1047 1221; x_wconf 86' lang='lat' dir='ltr'>peculiares</span> <span class='ocrx_word' id='word_1_11' title='bbox 1071 1126 1163 1185; x_wconf 84' lang='lat' dir='ltr'><strong>esse</strong></span> <span class='ocrx_word' id='word_1_12' title='bbox 1189 1081 1429 1207; x_wconf 88' lang='lat' dir='ltr'><strong>stimulos,</strong></span> <span class='ocrx_word' id='word_1_13' title='bbox 1457 1083 1632 1215; x_wconf 87' lang='lat' dir='ltr'><strong>quibus</strong></span> <span class='ocrx_word' id='word_1_14' title='bbox 1664 1095 1940 1220; x_wconf 89' lang='lat' dir='ltr'><strong>respondere</strong></span> <span class='ocrx_word' id='word_1_15' title='bbox 1967 1097 2194 1213; x_wconf 90' lang='lat' dir='ltr'><strong>debeant,</strong></span> 
     </span>
     <span class='ocr_line' id='line_1_4' title="bbox 687 1249 2198 1374; baseline 0.003 -32"><span class='ocrx_word' id='word_1_16' title='bbox 687 1271 737 1342; x_wconf 86' lang='lat' dir='ltr'><strong>et</strong></span> <span class='ocrx_word' id='word_1_17' title='bbox 777 1253 953 1374; x_wconf 87' lang='lat' dir='ltr'><strong>quibus</strong></span> <span class='ocrx_word' id='word_1_18' title='bbox 1002 1249 1273 1344; x_wconf 82' lang='lat' dir='ltr'><strong>assuescant</strong></span> <span class='ocrx_word' id='word_1_19' title='bbox 1307 1249 1511 1342; x_wconf 87' lang='lat' dir='ltr'><strong>durante</strong></span> <span class='ocrx_word' id='word_1_20' title='bbox 1557 1251 1770 1344; x_wconf 87' lang='lat' dir='ltr'><strong>sanitate.</strong></span> <span class='ocrx_word' id='word_1_21' title='bbox 1845 1251 1941 1345; x_wconf 88' lang='lat' dir='ltr'><strong>Cor</strong></span> <span class='ocrx_word' id='word_1_22' title='bbox 1983 1253 2198 1347; x_wconf 79' lang='lat' dir='ltr'><strong>obtinuit</strong></span> 
     </span>
     <span class='ocr_line' id='line_1_5' title="bbox 686 1401 2198 1532; baseline 0.001 -32"><span class='ocrx_word' id='word_1_23' title='bbox 686 1401 832 1500; x_wconf 82' lang='lat' dir='ltr'><strong>suum</strong></span> <span class='ocrx_word' id='word_1_24' title='bbox 868 1406 1121 1506; x_wconf 90' lang='lat' dir='ltr'><strong>stimulum</strong></span> <span class='ocrx_word' id='word_1_25' title='bbox 1163 1440 1190 1498; x_wconf 90' lang='lat' dir='ltr'><strong>a</strong></span> <span class='ocrx_word' id='word_1_26' title='bbox 1224 1405 1391 1532; x_wconf 89' lang='lat' dir='ltr'><strong>primis</strong></span> <span class='ocrx_word' id='word_1_27' title='bbox 1432 1437 1589 1498; x_wconf 89' lang='lat' dir='ltr'><strong>rerum</strong></span> <span class='ocrx_word' id='word_1_28' title='bbox 1630 1407 1926 1531; x_wconf 88' lang='lat' dir='ltr'><strong>primordiis;</strong></span> <span class='ocrx_word' id='word_1_29' title='bbox 1967 1407 2081 1501; x_wconf 90' lang='lat' dir='ltr'><strong>huic</strong></span> <span class='ocrx_word' id='word_1_30' title='bbox 2117 1410 2198 1502; x_wconf 71' lang='lat' dir='ltr'><strong>ob</strong></span> 
     </span>
     <span class='ocr_line' id='line_1_6' title="bbox 688 1560 2240 1691; baseline 0.004 -34"><span class='ocrx_word' id='word_1_31' title='bbox 688 1585 942 1691; x_wconf 82' lang='lat' dir='ltr'><strong>temperat,</strong></span> <span class='ocrx_word' id='word_1_32' title='bbox 976 1564 1062 1690; x_wconf 91' lang='lat' dir='ltr'><strong>ipsi</strong></span> <span class='ocrx_word' id='word_1_33' title='bbox 1090 1560 1147 1655; x_wconf 87' lang='lat' dir='ltr'><strong>fit</strong></span> <span class='ocrx_word' id='word_1_34' title='bbox 1173 1560 1423 1676; x_wconf 83' lang='lat' dir='ltr'><strong>familiare,</strong></span> <span class='ocrx_word' id='word_1_35' title='bbox 1446 1592 1590 1672; x_wconf 84' lang='lat' dir='ltr'><strong>neca</strong></span> <span class='ocrx_word' id='word_1_36' title='bbox 1617 1584 1741 1655; x_wconf 89' lang='lat' dir='ltr'><strong>recto</strong></span> <span class='ocrx_word' id='word_1_37' title='bbox 1770 1561 1939 1655; x_wconf 91' lang='lat' dir='ltr'><strong>limine</strong></span> <span class='ocrx_word' id='word_1_38' title='bbox 1969 1563 2193 1682; x_wconf 84' lang='lat' dir='ltr'><strong>deflectit,</strong></span> <span class='ocrx_word' id='word_1_39' title='bbox 2238 1659 2240 1664; x_wconf 79' lang='grc'>,</span> 
     </span>
     <span class='ocr_line' id='line_1_7' title="bbox 688 1716 2196 1832; baseline 0 -18"><span class='ocrx_word' id='word_1_40' title='bbox 688 1721 779 1814; x_wconf 92' lang='lat' dir='ltr'><strong>nisi</strong></span> <span class='ocrx_word' id='word_1_41' title='bbox 819 1720 1171 1813; x_wconf 86' lang='lat' dir='ltr'><strong>irritamentum</strong></span> <span class='ocrx_word' id='word_1_42' title='bbox 1204 1717 1441 1832; x_wconf 92' lang='lat' dir='ltr'><strong>alienum,</strong></span> <span class='ocrx_word' id='word_1_43' title='bbox 1478 1750 1505 1807; x_wconf 91' lang='lat' dir='ltr'><strong>a</strong></span> <span class='ocrx_word' id='word_1_44' title='bbox 1540 1717 1789 1811; x_wconf 84' lang='lat' dir='ltr'><strong>visceribus</strong></span> <span class='ocrx_word' id='word_1_45' title='bbox 1822 1716 1980 1812; x_wconf 91' lang='lat' dir='ltr'><strong>infimi</strong></span> <span class='ocrx_word' id='word_1_46' title='bbox 2021 1721 2196 1816; x_wconf 82' lang='lat' dir='ltr'><strong>ventris</strong></span> 
     </span>
     <span class='ocr_line' id='line_1_8' title="bbox 688 1869 2193 1999; baseline -0.004 -25"><span class='ocrx_word' id='word_1_47' title='bbox 688 1899 910 1992; x_wconf 80' lang='lat' dir='ltr'><strong>enatum,</strong></span> <span class='ocrx_word' id='word_1_48' title='bbox 945 1877 1039 1969; x_wconf 88' lang='lat' dir='ltr'><strong>sive</strong></span> <span class='ocrx_word' id='word_1_49' title='bbox 1074 1875 1134 1966; x_wconf 91' lang='lat' dir='ltr'><strong>ab</strong></span> <span class='ocrx_word' id='word_1_50' title='bbox 1164 1871 1421 1999; x_wconf 89' lang='lat' dir='ltr'><strong>encephalo</strong></span> <span class='ocrx_word' id='word_1_51' title='bbox 1454 1869 1749 1998; x_wconf 89' lang='lat' dir='ltr'><strong>proficiscens</strong></span> <span class='ocrx_word' id='word_1_52' title='bbox 1779 1869 1932 1996; x_wconf 85' lang='lat' dir='ltr'><strong>(sicut</strong></span> <span class='ocrx_word' id='word_1_53' title='bbox 1960 1877 2011 1970; x_wconf 91' lang='lat' dir='ltr'><strong>in</strong></span> <span class='ocrx_word' id='word_1_54' title='bbox 2041 1878 2193 1969; x_wconf 88' lang='lat' dir='ltr'><strong>animi</strong></span> 
     </span>
     <span class='ocr_line' id='line_1_9' title="bbox 686 2013 2195 2164; baseline -0.001 -38"><span class='ocrx_word' id='word_1_55' title='bbox 686 2031 1089 2164; x_wconf 87' lang='lat' dir='ltr'><strong>pathematibus),</strong></span> <span class='ocrx_word' id='word_1_56' title='bbox 1131 2051 1291 2121; x_wconf 91' lang='lat' dir='ltr'><strong>motus</strong></span> <span class='ocrx_word' id='word_1_57' title='bbox 1328 2029 1622 2122; x_wconf 90' lang='lat' dir='ltr'><strong>inordinatos</strong></span> <span class='ocrx_word' id='word_1_58' title='bbox 1665 2031 1717 2123; x_wconf 93' lang='lat' dir='ltr'><strong>in</strong></span> <span class='ocrx_word' id='word_1_59' title='bbox 1759 2031 1846 2123; x_wconf 93' lang='lat' dir='ltr'><strong>isto</strong></span> <span class='ocrx_word' id='word_1_60' title='bbox 1884 2013 2057 2160; x_wconf 85' lang='lat' dir='ltr'><strong>organo</strong></span> <span class='ocrx_word' id='word_1_61' title='bbox 2090 2066 2195 2159; x_wconf 90' lang='lat' dir='ltr'><strong>pro-</strong></span> 
     </span>
     <span class='ocr_line' id='line_1_10' title="bbox 687 2184 2195 2299; baseline -0.001 -16"><span class='ocrx_word' id='word_1_62' title='bbox 687 2190 885 2283; x_wconf 86' lang='lat' dir='ltr'><strong>duxerit.</strong></span> <span class='ocrx_word' id='word_1_63' title='bbox 916 2191 1026 2284; x_wconf 89' lang='lat' dir='ltr'><strong>Non</strong></span> <span class='ocrx_word' id='word_1_64' title='bbox 1054 2188 1289 2282; x_wconf 90' lang='lat' dir='ltr'><strong>absonum</strong></span> <span class='ocrx_word' id='word_1_65' title='bbox 1315 2184 1436 2280; x_wconf 90' lang='lat' dir='ltr'><strong>mihi</strong></span> <span class='ocrx_word' id='word_1_66' title='bbox 1457 2185 1664 2299; x_wconf 88' lang='lat' dir='ltr'><strong>videtur,</strong></span> <span class='ocrx_word' id='word_1_67' title='bbox 1689 2186 1962 2279; x_wconf 91' lang='lat' dir='ltr'><strong>musculum</strong></span> <span class='ocrx_word' id='word_1_68' title='bbox 1980 2187 2195 2282; x_wconf 86' lang='lat' dir='ltr'><strong>volunta-</strong></span> 
     </span>
     <span class='ocr_line' id='line_1_11' title="bbox 688 2337 2195 2471; baseline 0 -33"><span class='ocrx_word' id='word_1_69' title='bbox 688 2347 841 2462; x_wconf 87' lang='lat' dir='ltr'><strong>rium,</strong></span> <span class='ocrx_word' id='word_1_70' title='bbox 866 2343 1065 2471; x_wconf 81' lang='lat' dir='ltr'><strong>exempli</strong></span> <span class='ocrx_word' id='word_1_71' title='bbox 1094 2343 1263 2471; x_wconf 87' lang='lat' dir='ltr'><strong>gratia,</strong></span> <span class='ocrx_word' id='word_1_72' title='bbox 1292 2337 1576 2468; x_wconf 85' lang='lat' dir='ltr'><strong>pectoralem</strong></span> <span class='ocrx_word' id='word_1_73' title='bbox 1607 2342 1857 2467; x_wconf 87' lang='lat' dir='ltr'><strong>majorem,</strong></span> <span class='ocrx_word' id='word_1_74' title='bbox 1894 2344 1946 2436; x_wconf 91' lang='lat' dir='ltr'><strong>in</strong></span> <span class='ocrx_word' id='word_1_75' title='bbox 1976 2343 2195 2438; x_wconf 86' lang='lat' dir='ltr'><strong>involun-</strong></span> 
     </span>
     <span class='ocr_line' id='line_1_12' title="bbox 687 2497 2191 2625; baseline 0.001 -29"><span class='ocrx_word' id='word_1_76' title='bbox 687 2503 891 2617; x_wconf 90' lang='lat' dir='ltr'><strong>tarium,</strong></span> <span class='ocrx_word' id='word_1_77' title='bbox 936 2497 1136 2625; x_wconf 88' lang='lat' dir='ltr'><strong>exempli</strong></span> <span class='ocrx_word' id='word_1_78' title='bbox 1172 2498 1342 2625; x_wconf 83' lang='lat' dir='ltr'><strong>gratia,</strong></span> <span class='ocrx_word' id='word_1_79' title='bbox 1387 2498 1439 2588; x_wconf 93' lang='lat' dir='ltr'><strong>in</strong></span> <span class='ocrx_word' id='word_1_80' title='bbox 1478 2529 1582 2616; x_wconf 90' lang='lat' dir='ltr'><strong>cor,</strong></span> <span class='ocrx_word' id='word_1_81' title='bbox 1619 2530 1750 2624; x_wconf 89' lang='lat' dir='ltr'><strong>posse</strong></span> <span class='ocrx_word' id='word_1_82' title='bbox 1788 2500 2020 2614; x_wconf 85' lang='lat' dir='ltr'><strong>converti,</strong></span> <span class='ocrx_word' id='word_1_83' title='bbox 2065 2500 2104 2593; x_wconf 91' lang='lat' dir='ltr'><strong>si</strong></span> <span class='ocrx_word' id='word_1_84' title='bbox 2139 2502 2191 2597; x_wconf 92' lang='lat' dir='ltr'><strong>in</strong></span> 
     </span>
     <span class='ocr_line' id='line_1_13' title="bbox 686 2653 2191 2777; baseline -0.001 -25"><span class='ocrx_word' id='word_1_85' title='bbox 686 2691 855 2752; x_wconf 86' lang='lat' dir='ltr'><strong>cavum</strong></span> <span class='ocrx_word' id='word_1_86' title='bbox 895 2654 1159 2748; x_wconf 91' lang='lat' dir='ltr'><strong>musculare</strong></span> <span class='ocrx_word' id='word_1_87' title='bbox 1198 2674 1412 2744; x_wconf 88' lang='lat' dir='ltr'><strong>mutatus</strong></span> <span class='ocrx_word' id='word_1_88' title='bbox 1452 2653 1680 2746; x_wconf 87' lang='lat' dir='ltr'><strong>continue</strong></span> <span class='ocrx_word' id='word_1_89' title='bbox 1720 2677 1863 2777; x_wconf 89' lang='lat' dir='ltr'><strong>atque</strong></span> <span class='ocrx_word' id='word_1_90' title='bbox 1903 2657 2048 2749; x_wconf 93' lang='lat' dir='ltr'><strong>modo</strong></span> <span class='ocrx_word' id='word_1_91' title='bbox 2090 2689 2191 2751; x_wconf 91' lang='lat' dir='ltr'><strong>non</strong></span> 
     </span>
     <span class='ocr_line' id='line_1_14' title="bbox 688 2808 2194 2940; baseline 0 -33"><span class='ocrx_word' id='word_1_92' title='bbox 688 2815 955 2940; x_wconf 89' lang='lat' dir='ltr'><strong>interrupto</strong></span> <span class='ocrx_word' id='word_1_93' title='bbox 976 2811 1234 2904; x_wconf 90' lang='lat' dir='ltr'><strong>allueretur</strong></span> <span class='ocrx_word' id='word_1_94' title='bbox 1259 2830 1306 2900; x_wconf 89' lang='lat' dir='ltr'><strong>et</strong></span> <span class='ocrx_word' id='word_1_95' title='bbox 1330 2808 1718 2901; x_wconf 83' lang='lat' dir='ltr'><strong>distenderetura</strong></span> <span class='ocrx_word' id='word_1_96' title='bbox 1740 2812 1992 2938; x_wconf 85' lang='lat' dir='ltr'><strong>sanguine,</strong></span> <span class='ocrx_word' id='word_1_97' title='bbox 2014 2845 2194 2940; x_wconf 79' lang='lat' dir='ltr'><strong>praeser-</strong></span> 
     </span>
     <span class='ocr_line' id='line_1_15' title="bbox 684 2964 2190 3094; baseline -0.002 -29"><span class='ocrx_word' id='word_1_98' title='bbox 684 2972 776 3065; x_wconf 85' lang='lat' dir='ltr'><strong>tim</strong></span> <span class='ocrx_word' id='word_1_99' title='bbox 792 2965 1035 3083; x_wconf 87' lang='lat' dir='ltr'><strong>arterioso‚</strong></span> <span class='ocrx_word' id='word_1_100' title='bbox 1057 2968 1212 3093; x_wconf 92' lang='lat' dir='ltr'><strong>ipsum</strong></span> <span class='ocrx_word' id='word_1_101' title='bbox 1234 2964 1486 3092; x_wconf 88' lang='lat' dir='ltr'><strong>implente;</strong></span> <span class='ocrx_word' id='word_1_102' title='bbox 1510 2987 1557 3058; x_wconf 91' lang='lat' dir='ltr'><strong>et</strong></span> <span class='ocrx_word' id='word_1_103' title='bbox 1575 2966 1723 3059; x_wconf 89' lang='lat' dir='ltr'><strong>dubio</strong></span> <span class='ocrx_word' id='word_1_104' title='bbox 1738 2967 1902 3094; x_wconf 89' lang='lat' dir='ltr'><strong>procul</strong></span> <span class='ocrx_word' id='word_1_105' title='bbox 1923 3001 2001 3062; x_wconf 92' lang='lat' dir='ltr'><strong>me</strong></span> <span class='ocrx_word' id='word_1_106' title='bbox 2015 2969 2190 3086; x_wconf 90' lang='lat' dir='ltr'><strong>habeo,</strong></span> 
     </span>
     <span class='ocr_line' id='line_1_16' title="bbox 685 3123 2194 3241; baseline 0.001 -22"><span class='ocrx_word' id='word_1_107' title='bbox 685 3126 827 3230; x_wconf 89' lang='lat' dir='ltr'><strong>illum</strong></span> <span class='ocrx_word' id='word_1_108' title='bbox 845 3157 949 3221; x_wconf 75' lang='lat' dir='ltr'><strong>&#39;sese</strong></span> <span class='ocrx_word' id='word_1_109' title='bbox 981 3123 1255 3218; x_wconf 83' lang='lat' dir='ltr'><strong>contrahere</strong></span> <span class='ocrx_word' id='word_1_110' title='bbox 1283 3145 1447 3215; x_wconf 90' lang='lat' dir='ltr'><strong>contra</strong></span> <span class='ocrx_word' id='word_1_111' title='bbox 1480 3123 1630 3214; x_wconf 90' lang='lat' dir='ltr'><strong>animi</strong></span> <span class='ocrx_word' id='word_1_112' title='bbox 1661 3125 1926 3218; x_wconf 87' lang='lat' dir='ltr'><strong>arbitrium.</strong></span> <span class='ocrx_word' id='word_1_113' title='bbox 1957 3129 2039 3241; x_wconf 89' lang='lat' dir='ltr'><strong>Et,</strong></span> <span class='ocrx_word' id='word_1_114' title='bbox 2066 3127 2194 3220; x_wconf 88' lang='lat' dir='ltr'><strong>hisce</strong></span> 
     </span>
     <span class='ocr_line' id='line_1_17' title="bbox 685 3278 2191 3411; baseline -0.001 -33"><span class='ocrx_word' id='word_1_115' title='bbox 685 3283 950 3380; x_wconf 86' lang='lat' dir='ltr'><strong>rationibus</strong></span> <span class='ocrx_word' id='word_1_116' title='bbox 974 3301 1239 3411; x_wconf 85' lang='lat' dir='ltr'><strong>permotus,</strong></span> <span class='ocrx_word' id='word_1_117' title='bbox 1268 3311 1369 3373; x_wconf 90' lang='lat' dir='ltr'><strong>non</strong></span> <span class='ocrx_word' id='word_1_118' title='bbox 1392 3278 1582 3372; x_wconf 80' lang='lat' dir='ltr'><strong>invenio</strong></span> <span class='ocrx_word' id='word_1_119' title='bbox 1609 3312 1713 3403; x_wconf 89' lang='lat' dir='ltr'><strong>quae</strong></span> <span class='ocrx_word' id='word_1_120' title='bbox 1741 3314 1818 3374; x_wconf 90' lang='lat' dir='ltr'><strong>me</strong></span> <span class='ocrx_word' id='word_1_121' title='bbox 1836 3282 1897 3373; x_wconf 90' lang='lat' dir='ltr'><strong>ad</strong></span> <span class='ocrx_word' id='word_1_122' title='bbox 1923 3283 2191 3377; x_wconf 85' lang='lat' dir='ltr'><strong>doctrinam</strong></span> 
     </span>
     <span class='ocr_line' id='line_1_18' title="bbox 686 3403 2191 3568; baseline 0.003 -36"><span class='ocrx_word' id='word_1_123' title='bbox 686 3439 976 3568; x_wconf 81' lang='lat' dir='ltr'><strong>ingeniosam</strong></span> <span class='ocrx_word' id='word_1_124' title='bbox 1020 3429 1168 3529; x_wconf 83' lang='lat' dir='ltr'><strong>Reilii</strong></span> <span class='ocrx_word' id='word_1_125' title='bbox 1209 3435 1277 3556; x_wconf 64' lang='grc' dir='ltr'><strong>(ς.</strong></span> <span class='ocrx_word' id='word_1_126' title='bbox 1319 3434 1420 3561; x_wconf 84' lang='grc'><strong>99)</strong></span> <span class='ocrx_word' id='word_1_127' title='bbox 1467 3435 1748 3561; x_wconf 87' lang='lat' dir='ltr'><strong>impellant,</strong></span> <span class='ocrx_word' id='word_1_128' title='bbox 1800 3470 1895 3562; x_wconf 91' lang='lat' dir='ltr'><strong>qua</strong></span> <span class='ocrx_word' id='word_1_129' title='bbox 1936 3403 2191 3536; x_wconf 77' lang='lat' dir='ltr'><strong>assumitur</strong></span> 
     </span>
     <span class='ocr_line' id='line_1_19' title="bbox 684 3590 2189 3725; baseline 0.001 -35"><span class='ocrx_word' id='word_1_130' title='bbox 684 3616 960 3725; x_wconf 88' lang='lat' dir='ltr'><strong>apparatus,</strong></span> <span class='ocrx_word' id='word_1_131' title='bbox 1006 3625 1117 3686; x_wconf 85' lang='lat' dir='ltr'><strong>mox</strong></span> <span class='ocrx_word' id='word_1_132' title='bbox 1151 3590 1437 3705; x_wconf 88' lang='lat' dir='ltr'><strong>isolatorius,</strong></span> <span class='ocrx_word' id='word_1_133' title='bbox 1476 3624 1586 3686; x_wconf 83' lang='lat' dir='ltr'><strong>mox</strong></span> <span class='ocrx_word' id='word_1_134' title='bbox 1624 3595 1981 3712; x_wconf 89' lang='lat' dir='ltr'><strong>conductorius,</strong></span> <span class='ocrx_word' id='word_1_135' title='bbox 2015 3598 2100 3721; x_wconf 92' lang='lat' dir='ltr'><strong>qui</strong></span> <span class='ocrx_word' id='word_1_136' title='bbox 2137 3599 2189 3692; x_wconf 94' lang='lat' dir='ltr'><strong>in</strong></span> 
     </span>
     <span class='ocr_line' id='line_1_20' title="bbox 682 3748 2190 3884; baseline 0.002 -39"><span class='ocrx_word' id='word_1_137' title='bbox 682 3751 877 3884; x_wconf 83' lang='lat' dir='ltr'><strong>gangliis</strong></span> <span class='ocrx_word' id='word_1_138' title='bbox 905 3751 1127 3842; x_wconf 83' lang='lat' dir='ltr'><strong>consistat</strong></span> <span class='ocrx_word' id='word_1_139' title='bbox 1150 3769 1322 3842; x_wconf 89' lang='lat' dir='ltr'><strong>trunco</strong></span> <span class='ocrx_word' id='word_1_140' title='bbox 1350 3748 1480 3841; x_wconf 82' lang='lat' dir='ltr'><strong>nervi</strong></span> <span class='ocrx_word' id='word_1_141' title='bbox 1506 3750 1834 3876; x_wconf 86' lang='lat' dir='ltr'><strong>sympathetici</strong></span> <span class='ocrx_word' id='word_1_142' title='bbox 1859 3750 2026 3849; x_wconf 86' lang='lat' dir='ltr'><strong>infixis.</strong></span> <span class='ocrx_word' id='word_1_143' title='bbox 2056 3753 2190 3848; x_wconf 86' lang='lat' dir='ltr'><strong>suffi-</strong></span> 
     </span>
     <span class='ocr_line' id='line_1_21' title="bbox 684 3902 2190 4031; baseline 0.003 -31"><span class='ocrx_word' id='word_1_144' title='bbox 684 3941 786 4002; x_wconf 89' lang='lat' dir='ltr'><strong>cere</strong></span> <span class='ocrx_word' id='word_1_145' title='bbox 813 3906 934 3998; x_wconf 92' lang='lat' dir='ltr'><strong>mihi</strong></span> <span class='ocrx_word' id='word_1_146' title='bbox 965 3905 1189 3998; x_wconf 87' lang='lat' dir='ltr'><strong>videntur</strong></span> <span class='ocrx_word' id='word_1_147' title='bbox 1220 3903 1280 3995; x_wconf 89' lang='lat' dir='ltr'><strong>ad</strong></span> <span class='ocrx_word' id='word_1_148' title='bbox 1312 3902 1587 4030; x_wconf 85' lang='lat' dir='ltr'><strong>explicanda</strong></span> <span class='ocrx_word' id='word_1_149' title='bbox 1617 3905 1927 4031; x_wconf 75' lang='lat' dir='ltr'><strong>phaenomena</strong></span> <span class='ocrx_word' id='word_1_150' title='bbox 1957 3910 2009 4004; x_wconf 90' lang='lat' dir='ltr'><strong>in</strong></span> <span class='ocrx_word' id='word_1_151' title='bbox 2038 3911 2190 4004; x_wconf 88' lang='lat' dir='ltr'><strong>nervis</strong></span> 
     </span>
     <span class='ocr_line' id='line_1_22' title="bbox 682 4053 2311 4193; baseline 0.004 -37"><span class='ocrx_word' id='word_1_152' title='bbox 682 4063 942 4192; x_wconf 82' lang='lat' dir='ltr'><strong>vegetativae</strong></span> <span class='ocrx_word' id='word_1_153' title='bbox 964 4061 1068 4154; x_wconf 83' lang='lat' dir='ltr'><strong>vitae</strong></span> <span class='ocrx_word' id='word_1_154' title='bbox 1089 4059 1420 4186; x_wconf 88' lang='lat' dir='ltr'><strong>percipienda:</strong></span> <span class='ocrx_word' id='word_1_155' title='bbox 1454 4053 1512 4154; x_wconf 85' lang='lat'><strong>1.⁰</strong></span> <span class='ocrx_word' id='word_1_156' title='bbox 1531 4060 1667 4175; x_wconf 83' lang='lat' dir='ltr'><strong>vires,</strong></span> <span class='ocrx_word' id='word_1_157' title='bbox 1695 4063 1871 4186; x_wconf 90' lang='lat' dir='ltr'><strong>quibus</strong></span> <span class='ocrx_word' id='word_1_158' title='bbox 1893 4097 2056 4164; x_wconf 88' lang='lat' dir='ltr'><strong>omnes</strong></span> <span class='ocrx_word' id='word_1_159' title='bbox 2080 4099 2189 4193; x_wconf 73' lang='lat' dir='ltr'><strong>prae3·</strong></span> <span class='ocrx_word' id='word_1_160' title='bbox 2305 4059 2311 4070; x_wconf 72' lang='grc'><strong>’</strong></span> 
     </span>
     <span class='ocr_line' id='line_1_23' title="bbox 682 4216 2187 4342; baseline 0.005 -30"><span class='ocrx_word' id='word_1_161' title='bbox 682 4221 780 4313; x_wconf 80' lang='lat' dir='ltr'><strong>diti·</strong></span> <span class='ocrx_word' id='word_1_162' title='bbox 808 4219 923 4312; x_wconf 87' lang='lat' dir='ltr'><strong>sunt</strong></span> <span class='ocrx_word' id='word_1_163' title='bbox 949 4219 1124 4331; x_wconf 77' lang='lat' dir='ltr'><strong>nervi,</strong></span> <span class='ocrx_word' id='word_1_164' title='bbox 1157 4216 1485 4342; x_wconf 86' lang='lat' dir='ltr'><strong>cujuscunque</strong></span> <span class='ocrx_word' id='word_1_165' title='bbox 1520 4217 1617 4314; x_wconf 89' lang='lat' dir='ltr'><strong>sint</strong></span> <span class='ocrx_word' id='word_1_166' title='bbox 1656 4218 1853 4329; x_wconf 91' lang='lat' dir='ltr'><strong>indolis;</strong></span> <span class='ocrx_word' id='word_1_167' title='bbox 1906 4217 1973 4318; x_wconf 81' lang='lat' dir='ltr'><strong>a.⁰</strong></span> <span class='ocrx_word' id='word_1_168' title='bbox 2004 4224 2187 4320; x_wconf 88' lang='lat' dir='ltr'><strong>stimuli</strong></span> 
     </span>
     <span class='ocr_line' id='line_1_24' title="bbox 682 4370 2189 4506; baseline 0.004 -38"><span class='ocrx_word' id='word_1_169' title='bbox 682 4373 954 4504; x_wconf 88' lang='lat' dir='ltr'><strong>peculiares,</strong></span> <span class='ocrx_word' id='word_1_170' title='bbox 980 4372 1126 4465; x_wconf 84' lang='lat' dir='ltr'><strong>cuivis</strong></span> <span class='ocrx_word' id='word_1_171' title='bbox 1143 4403 1398 4470; x_wconf 83' lang='lat' dir='ltr'><strong>nervorum</strong></span> <span class='ocrx_word' id='word_1_172' title='bbox 1416 4370 1544 4466; x_wconf 90' lang='lat' dir='ltr'><strong>classi</strong></span> <span class='ocrx_word' id='word_1_173' title='bbox 1561 4375 1765 4502; x_wconf 85' lang='lat' dir='ltr'><strong>proprii,</strong></span> <span class='ocrx_word' id='word_1_174' title='bbox 1785 4398 1832 4471; x_wconf 90' lang='lat' dir='ltr'><strong>et</strong></span> <span class='ocrx_word' id='word_1_175' title='bbox 1847 4377 2023 4506; x_wconf 89' lang='lat' dir='ltr'><strong>quibus</strong></span> <span class='ocrx_word' id='word_1_176' title='bbox 2042 4413 2189 4476; x_wconf 85' lang='lat' dir='ltr'><strong>assue-</strong></span> 
     </span>
     <span class='ocr_line' id='line_1_25' title="bbox 683 4527 1754 4655; baseline -0.002 -30"><span class='ocrx_word' id='word_1_177' title='bbox 683 4533 794 4625; x_wconf 83' lang='lat' dir='ltr'><strong>sacti</strong></span> <span class='ocrx_word' id='word_1_178' title='bbox 821 4553 937 4626; x_wconf 87' lang='lat' dir='ltr'><strong>sunt</strong></span> <span class='ocrx_word' id='word_1_179' title='bbox 970 4529 1023 4622; x_wconf 90' lang='lat' dir='ltr'><strong>hi</strong></span> <span class='ocrx_word' id='word_1_180' title='bbox 1057 4527 1270 4655; x_wconf 87' lang='lat' dir='ltr'><strong>aprima</strong></span> <span class='ocrx_word' id='word_1_181' title='bbox 1306 4528 1445 4624; x_wconf 87' lang='lat' dir='ltr'><strong>scetus</strong></span> <span class='ocrx_word' id='word_1_182' title='bbox 1473 4529 1754 4627; x_wconf 89' lang='lat' dir='ltr'><strong>evolutione.</strong></span> 
     </span>
    </p>

    <p class='ocr_par' dir='ltr' id='par_1_3' title="bbox 682 4685 2277 4972">
     <span class='ocr_line' id='line_1_26' title="bbox 756 4685 2277 4828; baseline 0.007 -49"><span class='ocrx_word' id='word_1_183' title='bbox 756 4690 814 4779; x_wconf 93' lang='lat' dir='ltr'><strong>ll.</strong></span> <span class='ocrx_word' id='word_1_184' title='bbox 858 4687 1082 4812; x_wconf 85' lang='lat' dir='ltr'><strong>lndagata</strong></span> <span class='ocrx_word' id='word_1_185' title='bbox 1122 4685 1251 4779; x_wconf 82' lang='lat' dir='ltr'><strong>nervi</strong></span> <span class='ocrx_word' id='word_1_186' title='bbox 1292 4685 1621 4813; x_wconf 82' lang='lat' dir='ltr'><strong>sympathetici</strong></span> <span class='ocrx_word' id='word_1_187' title='bbox 1666 4687 1711 4816; x_wconf 86' lang='lat' dir='ltr'><strong>vi</strong></span> <span class='ocrx_word' id='word_1_188' title='bbox 1759 4711 1902 4814; x_wconf 90' lang='lat' dir='ltr'><strong>atque</strong></span> <span class='ocrx_word' id='word_1_189' title='bbox 1938 4713 2187 4818; x_wconf 80' lang='lat' dir='ltr'><strong>potestate,</strong></span> <span class='ocrx_word' id='word_1_190' title='bbox 2272 4809 2277 4828; x_wconf 91' lang='lat'><strong>.</strong></span> 
     </span>
     <span class='ocr_line' id='line_1_27' title="bbox 682 4839 2020 4972; baseline 0.001 -34"><span class='ocrx_word' id='word_1_191' title='bbox 682 4841 817 4938; x_wconf 85' lang='lat' dir='ltr'><strong>facile</strong></span> <span class='ocrx_word' id='word_1_192' title='bbox 849 4841 937 4934; x_wconf 89' lang='lat' dir='ltr'><strong>erit</strong></span> <span class='ocrx_word' id='word_1_193' title='bbox 966 4841 1110 4966; x_wconf 87' lang='lat' dir='ltr'><strong>ipsius</strong></span> <span class='ocrx_word' id='word_1_194' title='bbox 1127 4839 1409 4966; x_wconf 83' lang='lat' dir='ltr'><strong>functiones</strong></span> <span class='ocrx_word' id='word_1_195' title='bbox 1439 4859 1584 4972; x_wconf 83' lang='lat' dir='ltr'><strong>atquc</strong></span> <span class='ocrx_word' id='word_1_196' title='bbox 1617 4875 1753 4942; x_wconf 82' lang='lat' dir='ltr'><strong>usum</strong></span> <span class='ocrx_word' id='word_1_197' title='bbox 1792 4847 1968 4948; x_wconf 83' lang='lat' dir='ltr'><strong>rimari.</strong></span> <span class='ocrx_word' id='word_1_198' title='bbox 2017 4939 2020 4946; x_wconf 77' lang='grc'><em>,</em></span> 
     </span>
    </p>

    <p class='ocr_par' dir='ltr' id='par_1_4' title="bbox 681 4991 2281 5440">
     <span class='ocr_line' id='line_1_28' title="bbox 764 4991 2281 5135; baseline 0.003 -43"><span class='ocrx_word' id='word_1_199' title='bbox 764 4991 822 5092; x_wconf 82' lang='lat'><strong>1.⁰</strong></span> <span class='ocrx_word' id='word_1_200' title='bbox 853 4997 1037 5090; x_wconf 82' lang='lat' dir='ltr'><strong>Prraest</strong></span> <span class='ocrx_word' id='word_1_201' title='bbox 1068 5026 1238 5124; x_wconf 76' lang='lat' dir='ltr'><strong>nervus</strong></span> <span class='ocrx_word' id='word_1_202' title='bbox 1270 4993 1942 5128; x_wconf 80' lang='lat' dir='ltr'><strong>sympatheticusuutritr&#39;onis</strong></span> <span class='ocrx_word' id='word_1_203' title='bbox 1974 5005 2186 5134; x_wconf 79' lang='lat' dir='ltr'><strong>negotio,</strong></span> <span class='ocrx_word' id='word_1_204' title='bbox 2273 5116 2281 5135; x_wconf 89' lang='lat'><strong>.</strong></span> 
     </span>
     <span class='ocr_line' id='line_1_29' title="bbox 681 5151 2189 5287; baseline 0.001 -34"><span class='ocrx_word' id='word_1_205' title='bbox 681 5186 781 5253; x_wconf 90' lang='lat' dir='ltr'><strong>non</strong></span> <span class='ocrx_word' id='word_1_206' title='bbox 815 5151 972 5247; x_wconf 89' lang='lat' dir='ltr'><strong>solum</strong></span> <span class='ocrx_word' id='word_1_207' title='bbox 1013 5152 1126 5276; x_wconf 89' lang='lat' dir='ltr'><strong>quia</strong></span> <span class='ocrx_word' id='word_1_208' title='bbox 1165 5153 1349 5280; x_wconf 84' lang='lat' dir='ltr'><strong>organis</strong></span> <span class='ocrx_word' id='word_1_209' title='bbox 1385 5151 1733 5283; x_wconf 84' lang='lat' dir='ltr'><strong>chylopoieticis</strong></span> <span class='ocrx_word' id='word_1_210' title='bbox 1777 5190 1940 5252; x_wconf 87' lang='lat' dir='ltr'><strong>nervos</strong></span> <span class='ocrx_word' id='word_1_211' title='bbox 1976 5161 2189 5287; x_wconf 90' lang='lat' dir='ltr'><strong>impertit</strong></span> 
     </span>
     <span class='ocr_line' id='line_1_30' title="bbox 681 5306 2186 5440; baseline 0.004 -34"><span class='ocrx_word' id='word_1_212' title='bbox 681 5339 982 5424; x_wconf 85' lang='lat' dir='ltr'><strong>numerosos,</strong></span> <span class='ocrx_word' id='word_1_213' title='bbox 1023 5329 1071 5404; x_wconf 90' lang='lat' dir='ltr'><strong>et</strong></span> <span class='ocrx_word' id='word_1_214' title='bbox 1108 5339 1274 5404; x_wconf 87' lang='lat' dir='ltr'><strong>eorum</strong></span> <span class='ocrx_word' id='word_1_215' title='bbox 1312 5306 1412 5403; x_wconf 83' lang='lat' dir='ltr'><strong>vim</strong></span> <span class='ocrx_word' id='word_1_216' title='bbox 1447 5329 1592 5440; x_wconf 91' lang='lat' dir='ltr'><strong>atque</strong></span> <span class='ocrx_word' id='word_1_217' title='bbox 1635 5311 1781 5410; x_wconf 89' lang='lat' dir='ltr'><strong>robur</strong></span> <span class='ocrx_word' id='word_1_218' title='bbox 1815 5335 2074 5430; x_wconf 85' lang='lat' dir='ltr'><strong>sustentat,</strong></span> <span class='ocrx_word' id='word_1_219' title='bbox 2108 5317 2186 5412; x_wconf 89' lang='lat' dir='ltr'><strong>sed</strong></span> 
     </span>
    </p>
   </div>
   <div class='ocr_carea' id='block_1_3' title="bbox 0 0 2542 6816">
    <p class='ocr_par' dir='ltr' id='par_1_5' title="bbox 0 0 2542 6816">
     <span class='ocr_line' id='line_1_31' title="bbox 0 0 2542 6816; baseline 0 3"><span class='ocrx_word' id='word_1_220' title='bbox 0 0 2542 6816; x_wconf 95' lang='lat' dir='ltr'><strong> </strong></span> 
     </span>
    </p>
   </div>
  </div>
 </body>
</html>
