5076 6816
650 949 963 1072 OPERIS
1017 947 1591 1070 CONSPECTUS.

362 1673 623 1739 PRAEFAMEN.

360 1839 466 1901 sEcr
468 1838 517 1900 10
543 1834 716 1899 PRIMA:
737 1835 1012 1898 ANATOMICA.

452 2002 562 2063 Caena
583 2018 717 2062 ratmunt
738 1993 878 2065 :Nervi
896 1991 1142 2086 sympathetici
1158 1990 1347 2080 descriptio
1364 1992 1552 2087 generalis.

376 2149 378 2154 ¹
497 2162 599 2227 Rami
618 2161 716 2226 nervi
735 2161 978 2246 sympathetici
999 2161 1037 2224 in
1056 2162 1168 2226 canali
1188 2163 1337 2228 carotico
1360 2163 1488 2228 inclusi
1509 2162 1559 2248 (5.
1576 2185 1609 2250 i,
1624 2161 1676 2250 a).
1698 2165 1780 2230 Pars
1799 2185 1873 2230 cer·

540 2278 661 2360 sicalis
677 2278 775 2340 nervi
794 2276 1037 2360 sympathetici
1057 2277 1107 2362 (5.
1124 2276 1242 2361 3-14).
1269 2281 1460 2370 Nemorum
1482 2278 1718 2346 cardiacorum
1738 2281 1873 2362 disqui-

539 2392 622 2458 sitio
638 2392 689 2478 (5
704 2393 836 2475 15-25).
862 2394 943 2455 Pars
959 2391 1132 2456 thoracica
1144 2393 1242 2455 nervi
1255 2392 1498 2478 sympathetici
1513 2393 1564 2479 (5
1577 2397 1707 2478 2649).
1723 2396 1872 2483 Ganglia

541 2509 766 2573 semilunaria
792 2516 825 2570 et
844 2509 966 2590 plexus
987 2509 1110 2572 solaris
1132 2508 1275 2594 (5030).
1303 2511 1426 2572 Plenus
1447 2509 1682 2573 abdominales
1704 2510 1831 2574 directe
1852 2531 1871 2574 e

539 2626 644 2710 plexu
667 2621 772 2684 solari
795 2621 909 2684 educti
932 2621 985 2706 (5.
999 2623 1138 2706 enas).
1167 2624 1290 2685 Plenus
1312 2643 1379 2706 pro
1400 2631 1497 2706 parte
1514 2617 1544 2711 ‘e
1558 2624 1662 2706 plexu
1689 2623 1812 2710 solari,
1835 2635 1868 2689 et

539 2759 606 2824 pro
626 2747 723 2822 parte
739 2757 758 2800 e
780 2736 1034 2822 propaginibus
1052 2737 1214 2820 producti
1238 2745 1393 2800 etrunco
1415 2736 1492 2820 ipso
1509 2738 1611 2800 nervi
1626 2739 1870 2822 sympathetici

539 2853 624 2916 ortis
644 2853 845 2938 (536-38).
869 2853 951 2915 Pars
966 2852 1128 2916 lumbatis
1143 2851 1241 2916 nervi
1259 2852 1502 2936 sympathetici
1519 2852 1570 2938 (5.
1581 2852 1660 2936 39).
1685 2855 1767 2917 Pars
1780 2853 1870 2933 ejus-

540 2971 618 3032 dem
634 2968 773 3033 sacralis
792 2967 845 3053 (ς.
862 2965 942 3052 4ο).
963 2969 1086 3032 Plenus
1107 2971 1151 3032 ad
1169 2987 1299 3054 organa
1313 2966 1351 3030 in
1370 2967 1465 3051 pelvi
1481 2977 1639 3032 contenta
1659 2969 1869 3056 (541-44).

448 3160 557 3222 Caror
581 3175 792 3220 secunaum:
819 3149 1151 3218 Animadversiones
1178 3150 1215 3218 in
1242 3149 1346 3218 corio
1374 3163 1572 3231 momento,
1597 3175 1677 3238 quoe
1700 3153 1873 3222 aduersi

585 3265 832 3362 ¹sympathetici
854 3265 1040 3334 historiam
1061 3265 1252 3354 pertinent.

494 3433 663 3498 Seustatio
679 3432 864 3517 specialior
879 3415 1101 3496 extremitatis
1118 3431 1302 3517 cephalica·
1313 3433 1412 3496 nervi
1424 3432 1665 3518 sympathetici
1681 3433 1867 3520 (5-45·47).

543 3548 752 3630 Disquisitio
762 3543 1310 3612 onostomoseoslocobsonionoe
1323 3547 1374 3632 (5.
1391 3550 1523 3632 48-50).
1543 3548 1693 3634 Quaestio
1706 3553 1750 3613 de
1761 3569 1868 3614 nervo

540 3661 791 3746 sympathetico
813 3662 852 3724 in
875 3670 972 3745 parte
999 3681 1060 3724 sua
1084 3662 1257 3725 thoracica
1281 3662 1474 3745 interrupto
1503 3662 1555 3748 (5
1573 3662 1650 3745 5ι·).
1671 3664 1867 3748 Descriptio

537 3777 635 3840 nervi
657 3776 873 3859 splanchnici
891 3778 1082 3860 superioris
1097 3773 1314 3866 Wrisbergii
1333 3777 1385 3863 (5.
1402 3776 1481 3860 to).
1509 3779 1672 3863 Quasdam
1695 3781 1737 3842 de
1756 3778 1867 3861 plexi-

446 3871 449 3876 ·
538 3894 604 3956 hus
629 3891 908 3956 abdominalibus
939 3892 1153 3957 secundariis
1182 3893 1234 3979 (5.
1255 3892 1334 3975 5³).
1373 3891 1474 3956 Ratio
1503 3912 1687 3956 nervorum
1713 3893 1758 3957 ad
1785 3915 1866 3958 vasa

539 4008 727 4093 sanguinea
739 4006 899 4071 solertius
914 4009 1066 4092 exposita
1079 4008 1095 4092 (
1104 4008 1132 4094 5.
1145 4007 1221 4092 55).
1241 4007 1438 4071 Discrimen
1455 4010 1549 4088 quod
1562 3997 1746 4070 ostendunt
1764 4008 1866 4094 rami,

357 4121 360 4128 '
463 4187 467 4194 ,
534 4125 655 4207 plexus
677 4133 708 4185 et
731 4123 871 4209 ganglia
894 4123 994 4188 nervi
1012 4122 1275 4210 sympathetici,
1300 4123 1338 4188 in
1360 4143 1424 4186 suo
1444 4123 1567 4186 habitu
1587 4133 1620 4187 et
1637 4124 1865 4228 dispositione

536 4237 588 4322 (3·
605 4239 664 4322 ⁵⁶2
681 4239 755 4321 ⁶7l·
1758 4237 1764 4248 ¹

447 4427 557 4491 Cleua
579 4445 724 4490 naamon
743 4446 753 4490 s
773 4429 831 4492 De
852 4422 952 4492 nervi
969 4421 1215 4518 sympathetici
1238 4421 1276 4488 in
1288 4419 1387 4514 soetu
1409 4420 1614 4489 evolutione.

488 4590 698 4672 Disquisitio
724 4590 822 4655 nervi
852 4589 1095 4676 sympathetici
1127 4589 1166 4652 in
1192 4591 1381 4675 embryone
1406 4588 1546 4652 decimae
1573 4595 1702 4670 quarite
1732 4589 1865 4652 hebdo-

530 4707 641 4770 madis
666 4706 718 4790 (5.
732 4706 813 4789 58);
846 4706 884 4767 in
906 4707 1096 4788 embryone
1120 4703 1394 4787 quinquemestri
1418 4702 1470 4789 (5.
1492 4702 1578 4787 59);
1609 4703 1648 4764 in
1673 4705 1864 4787 embryone

393 4869 397 4888 .
533 4822 688 4887 semestri
710 4821 765 4908 (5.
784 4822 868 4905 60);
891 4820 929 4882 in
945 4803 1029 4884 fietu
1048 4820 1255 4904 septimeslri
1278 4819 1332 4906 (5.
1353 4819 1442 4902 61-);
1467 4818 1504 4881 in
1526 4817 1609 4880 ioetu
1632 4818 1864 4890 octavianen·

533 4942 581 5007 sis
599 4942 649 5027 (ς.
665 4939 754 5025 6²);
774 4941 811 5003 in
831 4940 913 5004 ioetu
930 4914 1082 5026 perfecto
1104 4939 1157 5025 (5.
1175 4937 1252 5023 6³).
1286 4937 1476 5000 Corollaria
1494 4957 1512 4999 e
1527 4933 1699 5020 predictis
1720 4935 1769 5022 (5.
1783 4934 1862 5019 64).

534 5059 683 5121 Examen
708 5056 807 5120 nervi
837 5056 1079 5142 sympathetici
1107 5056 1145 5119 in
1171 5055 1309 5119 ioelibus
1336 5053 1556 5138 monstrosis,
1579 5051 1797 5136 potissimum
1822 5051 1861 5114 in

530 5170 679 5237 acraniis
703 5172 752 5258 (5.
774 5169 920 5256 tit-69).
953 5171 1057 5235 Nervi
1082 5170 1324 5255 sympathetici
1346 5170 1434 5232 ratio
1457 5170 1494 5231 in
1519 5167 1742 5232 cadaveribus
1769 5165 1861 5230 idio·

533 5285 680 5354 ticorum
702 5287 753 5374 (ς.
771 5289 850 5374 70).
882 5291 1015 5353 Nervus
1035 5284 1305 5374 sympatheticus
1327 5285 1365 5347 in
1389 5292 1559 5348 senectute
1582 5281 1632 5368 (ς.
1652 5278 1729 5365 71).
