5076 6816
1397 665 1494 784 146
1596 663 1599 670 ’

549 878 556 896 ’
685 884 898 980 videlicet
917 878 1375 1012 hypochondriacos,
1396 878 2194 1009 dyspepsiam,hypocbondriorum

683 1041 1006 1168 physconiam.
1044 1036 1301 1136 Pulmones
1339 1036 1390 1128 in
1424 1036 1521 1129 istis
1553 1033 1832 1130 bominibus
1865 1039 1950 1130 diu
1982 1040 2195 1136 absolute

686 1196 926 1306 immunes
947 1193 1256 1308 videbantur,
1282 1213 1328 1284 et
1351 1225 1378 1283 a
1404 1191 1538 1284 nulla
1566 1190 1671 1283 labe
1693 1195 2032 1308 contaminati,
2053 1197 2192 1314 adeo,

633 1411 636 1417 -
685 1374 743 1445 ut
771 1351 981 1463 dixisseS,
1014 1350 1239 1443 morbum
1277 1347 1540 1476 generalem
1578 1369 1722 1471 atquc
1752 1381 2002 1443 nervosum
2032 1353 2192 1446 subito

684 1529 932 1600 mutatum
964 1506 1102 1602 luisse
1137 1505 1189 1597 in
1217 1505 1485 1633 organicam
1518 1502 1766 1596 laesionem.
1811 1504 2192 1602 Occumbentem

684 1662 780 1754 vidi
804 1663 1030 1790 virginem
1051 1659 1230 1788 phthisi
1250 1658 1540 1788 pulmonali,
1563 1659 1697 1786 cujus
1722 1661 1917 1754 morbus
1936 1696 1962 1752 a
1978 1695 2192 1791 genuum

684 1817 845 1911 dolore
879 1817 1138 1944 inceperat,
1180 1816 1264 1940 qui
1307 1816 1496 1908 transiit
1529 1815 1580 1907 in
1613 1817 1898 1941 pressionem
1938 1818 2189 1912 ventriculi

683 1995 731 2066 et
754 1973 1037 2067 anorcxiam.
1080 1974 1256 2069 Curam
1288 1972 1398 2101 gessi
1424 1992 1726 2098 aegrotorum,
1749 1959 1834 2097 qui
1853 2006 1937 2099 per
1958 1975 2191 2101 plurimos

681 2162 865 2224 menses
885 2130 1011 2223 febre
1037 2128 1165 2222 lenta
1190 2127 1494 2241 laborabant,
1528 2149 1577 2220 et
1599 2129 1650 2219 in
1674 2130 1851 2253 quibus
1876 2130 2010 2223 nulla
2030 2133 2186 2225 morbi

681 2285 974 2413 pulmonum
995 2318 1089 2378 sese
1116 2284 1418 2377 declarabant
1444 2283 1648 2412 vestigia,
1678 2286 1827 2380 donec
1848 2307 2039 2415 repente
2065 2321 2190 2416 orga-

683 2441 789 2534 nica
820 2441 948 2535 labes
973 2462 1116 2566 caput
1148 2439 1330 2532 extulit.

758 2591 822 2714 4?
859 2600 916 2690 In
945 2596 1131 2727 morbis
1150 2593 1555 2708 abdominalibus‚
1591 2595 1719 2688 nervi
1751 2595 2089 2724 sympathetica
2120 2633 2220 2692 ra··

683 2753 814 2848 tione
832 2751 982 2846 affecti
1001 2773 1136 2866 sunt,
1151 2727 1411 2875 antequam
1437 2750 1642 2842 laesiones
1665 2752 1900 2879 organicas
1919 2755 2187 2880 producant

683 2909 735 3001 in
759 2907 1008 3004 visceribus
1032 2907 1208 3030 quibus
1229 2907 1537 3034 prospiciunt.
1570 2907 1693 3003 Nota
1714 2907 1833 3000 mibi
1858 2931 1974 3002 sunt
2000 2909 2187 3033 aliquot
2319 2909 2329 2919 ’

681 3063 892 3192 exempla
923 3063 1313 3184 dehinduratione
1339 3061 1491 3192 pylori
1519 3085 1626 3189 post
1658 3064 1939 3157 diuturnam
1965 3067 2186 3159 atomum

680 3213 1147 3350 hypochondriaeom
1171 3239 1322 3350 enata,
1351 3219 1408 3310 ln
1427 3250 1608 3346 genere,
1633 3240 1948 3348 symptomata
1969 3220 2079 3347 plus
2101 3223 2186 3315 mi·

680 3409 827 3472 nusve
855 3374 1032 3503 gravia,
1060 3405 1165 3497 quae
1190 3373 1453 3500 primordia
1481 3377 1783 3468 constituunt
1807 3372 2052 3468 laesionum
2078 3409 2186 3470 ven·

679 3531 861 3646 triculi,
900 3531 1260 3644 intestinorum,
1287 3529 1495 3658 hepatis,
1524 3529 1682 3646 lienis,
1705 3554 1813 3648 ete,
1846 3532 1916 3624 nil
1947 3556 2062 3627 sunt
2093 3534 2183 3627 nisi

680 3685 920 3817 dynamiei
942 3684 1147 3779 insultus
1166 3717 1441 3801 nervorum,
1458 3687 1543 3808 qui
1563 3685 1829 3781 luculenter
1839 3689 2183 3806 demonstrant,

679 3844 806 3938 hisce
834 3843 1084 3940 visceribus
1112 3841 1258 3956 inesse
1288 3821 1470 3934 certum
1502 3841 1701 3936 actionis
1725 3847 1924 3972 gradum
1952 3867 2096 3969 atque
2121 3845 2185 3939 la·

677 4000 868 4117 horem,
888 4021 946 4092 ut
972 3999 1037 4092 ita
1060 3999 1237 4112 dicam,
1267 3997 1724 4125 praeternaturalem,
1752 3999 1886 4126 cujus
1913 4001 2183 4095 interventu

679 4158 875 4252 morbus
894 4141 1137 4285 organicus
1156 4151 1409 4281 perficitur.
1432 4155 1531 4248 1³1ae
1547 4154 1650 4248 aliis
1666 4188 1773 4248 vero
1786 4158 2185 4286 symptomatibus

679 4315 859 4408 eminet
876 4311 1083 4408 flatuum
1102 4310 1341 4404 extricatio
1354 4344 1435 4404 seu
1447 4312 1772 4441 pneumatosis
1792 4312 1861 4442 (p.
1881 4313 2016 4432 122),
2035 4347 2061 4407 e
2084 4345 2185 4406 ner-

678 4501 847 4562 vorum
882 4467 1067 4560 actione
1105 4499 1312 4594 perversa
1350 4467 1567 4560 oriunda.
1621 4466 1794 4564 Nullus
1828 4499 1941 4560 sane
1979 4470 2186 4563 occurrit

678 4624 874 4722 morbus
900 4623 1186 4738 abdominis,
1208 4621 1474 4716 laesionibus
1495 4623 1736 4750 peritonaei
1761 4655 1862 4718 non
1888 4625 2105 4752 exceptis,
2128 4625 2182 4718 in

678 4779 855 4904 quibus
878 4812 980 4875 non
1010 4779 1279 4873 observatur
1295 4778 1501 4886 evolutio
1519 4779 1635 4872 aeris
1661 4779 1854 4873 molesta
1876 4801 1923 4872 at
1937 4781 2183 4907 saepissime

677 4937 885 5065 repetita.
917 4935 1050 5033 Falso
1077 4939 1162 5029 ista
1187 4968 1369 5063 semper
1391 4935 1674 5031 adscribitur
1692 4935 1826 5030 malae
1846 4935 2061 5029 ciborum
2085 4969 2185 5028 eoe-

677 5092 820 5208 tioni,
836 5092 1071 5220 principio
1090 5091 1265 5185 miliari
1282 5093 1334 5185 in
1352 5093 1535 5188 intimis
1554 5094 1757 5220 corporis
1776 5092 1965 5187 latebris
1983 5093 2183 5210 furenti,

676 5247 905 5378 hystorie,
922 5271 1006 5344 etc.
1017 5286 1029 5359 ς
1051 5246 1519 5376 rerumplerumque
1538 5247 1678 5344 ssatus
1690 5247 1865 5370 evoluti
1883 5250 2090 5379 probant
2114 5249 2185 5344 in·
