5076 6816
975 688 980 692 ’
1063 711 1157 830 ¹47

353 923 628 1050 temperiem
645 917 902 1048 systematis
926 917 1126 1032 nervosi,
1143 937 1286 1039 atque
1304 914 1458 1007 morbi
1483 913 1687 1040 organici
1708 912 1856 1005 suturi

353 1079 724 1174 incubationem.
753 1077 965 1168 Eandem
985 1106 1085 1166 rem
1107 1070 1347 1165 declarant
1364 1069 1561 1163 insolitae
1580 1091 1856 1198 aegrotorum

352 1235 655 1346 sensationes,
676 1231 821 1323 nullis
838 1231 987 1323 verbis
1004 1228 1334 1352 describendae,
1353 1224 1858 1349 inquietud0,-dolores

291 1449 292 1454 κ
351 1390 472 1518 vagi,
491 1387 705 1513 suspiria,
722 1386 939 1514 gemitus,
955 1416 1074 1507 qnos
1088 1383 1340 1476 inscienter
1351 1384 1502 1475 edunt
1512 1407 1681 1474 somno
1697 1379 1856 1472 dediti.

353 1550 410 1639 ln
440 1544 664 1636 omnibns
692 1544 783 1634 fere
803 1541 1002 1674 morbis,
1020 1541 1114 1631 sive
1134 1540 1372 1667 dynamici
1395 1539 1494 1630 sint
1515 1537 1608 1630 sive
1627 1535 1855 1664 organici,

353 1701 557 1793 maxime
577 1731 654 1791 me
683 1718 861 1791 terrent
879 1697 1032 1825 aegroti
1058 1695 1565 1821 jactitatio,'anxietas,
1589 1689 1858 1820 praecordio-

352 1889 461 1950 rum
509 1855 690 1969 tensio,
724 1859 878 1944 metus
915 1852 1102 1964 mortis,
1150 1871 1273 1954 etc:
1304 1850 1481 1975 quippe
1525 1880 1629 1971 quae
1670 1847 1856 1973 phoeno-

352 2043 493 2103 mena
536 2009 826 2126 (dummodo
868 2039 957 2128 nec
983 2008 1044 2099 ab
1076 1991 1433 2134 bypochondria
1465 2004 1734 2129 pendeant,
1769 2035 1855 2094 nec

351 2169 412 2260 ab
454 2163 682 2294 hystoria)
726 2161 1041 2291 gravissimam
1083 2161 1324 2252 declarant
1362 2161 1490 2252 nervi
1527 2155 1853 2287 sympathetici

351 2319 673 2418 affectionem,
1231 2319 1235 2330 ’
1586 2313 1591 2322 ’

381 2561 383 2566 ,
422 2481 462 2594 §.
482 2482 592 2589 140.
611 2473 840 2589 Quamvis
863 2473 1045 2563 dictum
1065 2473 1146 2585 sit,
1168 2471 1220 2562 in
1238 2471 1365 2564 nervi
1384 2469 1711 2598 sympathetici
1725 2469 1856 2600 allec-

350 2632 479 2724 tibus
513 2629 583 2720 nil
622 2629 952 2756 detegiposse,
994 2628 1124 2750 quod
1164 2627 1216 2717 in
1249 2657 1409 2719 sensus
1452 2627 1653 2741 incidat,
1690 2649 1852 2720 tamen

349 2807 528 2878 attenta
562 2817 640 2875 me
662 2782 825 2874 docuit
847 2782 1083 2908 autopsia,
1118 2781 1387 2872 manifestas
1417 2782 1469 2873 in
1502 2781 1588 2874 isto
1613 2813 1752 2874 nervo
1783 2803 1855 2874 002

347 2972 531 3034 currere
561 2937 987 3051 inflammationes,
1026 2969 1131 3060 quae
1164 2937 1300 3029 variis
1334 2938 1509 3030 morbis
1538 2940 1854 3064 respondente

347 3095 463 3188 bine
488 3095 656 3185 intime
680 3094 920 3185 convictus
939 3126 1070 3206 snm,
1099 3093 1218 3185 alias
1233 3093 1521 3186 mutationes
1543 3096 1779 3221 organicas
1802 3096 1854 3187 in

349 3283 491 3343 nervo
523 3248 807 3341 intercostali
841 3250 1029 3374 reperiri
1056 3247 1207 3374 posse,
1238 3251 1275 3342 si
1302 3249 1498 3343 sollicite
1534 3251 1718 3342 ineam
1754 3281 1852 3342 rem

348 3406 587 3530 inquirere
614 3401 762 3495 velint
789 3404 1038 3498 anatomiae
1065 3402 1282 3502 cultores..
1315 3401 1520 3498 Tradam
1551 3407 1726 3499 interea
1750 3433 1854 3529 quae

347 3557 441 3653 fida
472 3559 729 3652 observatio
762 3557 1096 3683 comprobavit

419 3721 459 3836 ς.
499 3724 610 3831 ιίμ.
645 3715 787 3843 Virgo
817 3714 1037 3829 honeste,
1070 3713 1283 3807 moribus
1307 3715 1512 3844 egregiis,
1538 3747 1564 3806 a
1592 3713 1853 3842 pubertatis

347 3902 477 3963 anno
508 3870 807 3997 spasmodicis
833 3902 887 3960 ae
907 3867 1330 3996 hypochondriacis
1358 3873 1754 4000 symptomatibus
1776 3873 1855 3965 ob·
1913 3850 1919 3863 ⁸

348 4027 511 4139 noxia,
549 4026 621 4116 bis
649 4022 940 4150 apoplexiam
972 4024 1308 4151 incompletam
1339 4057 1491 4152 passa,
1520 4057 1694 4152 exque
1721 4057 1854 4155 para·

290 4263 294 4268 ,
348 4182 469 4312 lysin
510 4181 833 4307 imperfectam
866 4181 1065 4273 retinuit
1098 4183 1150 4273 in
1183 4182 1325 4274 latere
1359 4186 1519 4276 dextro
1554 4184 1713 4299 faciei,
1753 4187 1853 4277 viro

349 4360 500 4464 nupta
534 4338 650 4453 fuit,
700 4369 810 4428 cum
847 4339 1255 4466 quadragesimum
1283 4342 1547 4434 secundum
1583 4341 1729 4436 aetatis
1762 4366 1855 4435 suae

346 4500 658 4622 praetergressa'
686 4515 799 4586 esset
828 4525 1029 4585 annum.

422 4649 676 4744 Gravidam
707 4649 888 4742 decimo
928 4651 1101 4773 quinto
1135 4683 1295 4745 mense
1333 4645 1650 4765 matrimonii,
1685 4653 1747 4746 ab
1783 4684 1855 4746 oc-

349 4828 452 4898 tava
475 4806 741 4934 gestationis
756 4805 1070 4922 hebdomade,
1087 4809 1250 4900 adorta
1269 4831 1336 4900 est
1356 4835 1679 4902 aerumnarum
1698 4810 1851 4925 series,

349 4962 527 5084 quibus
567 4995 681 5090 aegra
731 4962 972 5055 dirissimis
1011 4964 1101 5057 sub
1148 4965 1432 5057 cruciatibus
1478 4967 1673 5056 demum
1721 4997 1853 5056 occu·

347 5116 468 5209 buit.
512 5118 733 5210 Vomitus
773 5149 966 5244 nempe,
995 5121 1280 5246 graviditatis
1316 5121 1616 5213 notissimum
1650 5143 1854 5249 sympto-

348 5301 461 5387 ma,
499 5273 716 5373 miseram
756 5275 922 5397 quovis
955 5276 1030 5367 dic
1066 5273 1349 5405 plusquam
1391 5274 1590 5406 trigesies
1621 5269 1686 5370 ita
1725 5310 1852 5371 vexa·
