5080 6812
1416 717 1481 828 88

693 937 828 1063 parti*
844 935 1153 1064 cephalicaect
1172 923 1380 1028 cervicali
1405 937 1535 1030 nervi
1560 907 1887 1064 sympathetici
1912 957 1978 1028 est
1995 936 2202 1065 analoga.

695 1093 825 1183 Hinc
866 1093 1124 1215 sequitur:
1174 1085 1233 1184 1.⁰
1274 1093 1326 1184 in
1363 1092 1652 1185 animalibus
1704 1094 1924 1184 vertebris
1967 1092 2202 1186 destitutis

693 1267 893 1374 systema·
917 1249 1069 1340 adesse
1100 1279 1379 1364 nervosum,
1406 1251 1542 1372 quod
1559 1244 1768 1377 gangliis
1797 1248 2075 1375 insignitum
2109 1271 2199 1357 est;

698 1396 762 1492 2.⁰
797 1402 849 1496 in
888 1401 1070 1495 ultimo·
1097 1403 1272 1495 horum
1307 1403 1592 1497 animalium
1630 1403 1795 1496 ordine
1828 1371 2033 1530 primam
2080 1433 2202 1529 repe-

694 1558 775 1650 riri
814 1590 1030 1650 nerveam
1063 1591 1287 1676 massam,
1329 1593 1433 1684 quae
1471 1592 1643 1689 organo
1681 1558 1914 1651 nutrienti
1953 1558 2176 1684 prospicit
2187 1597 2200 1667 3

700 1713 761 1804 3?
790 1747 901 1806 mox
934 1748 1051 1807 vero·
1079 1715 1169 1806 alia
1215 1714 1465 1808 tubercula
1499 1717 1607 1808 addi
1639 1716 1690 1806 in
1730 1713 2019 1807 animalibus
2057 1712 2201 1839 paulo

695 1870 1037 1994 superioribus,
1064 1903 1168 1993 quae
1192 1869 1410 1963 cerebrali
1438 1873 1674 1998 systemati
1697 1902 1797 1962 non
1817 1869 2049 1962 absimilia
2074 1891 2199 1960 sunt.

767 2029 806 2142 ς.
840 2033 949 2140 rod.
978 2025 1402 2142 Quemadmodum
1427 2028 1610 2120 veroin
1639 2025 1927 2118 animalibus
1953 2025 2203 2151 superioris

696 2179 875 2314 ordinis
912 2181 1094 2308 ganglia
1142 2214 1426 2309 organorum
1474 2205 1635 2276 motus
1682 2204 1826 2305 atque
1870 2212 2094 2274 sensuum
2148 2179 2216 2272 in*

617 2359 622 2370 ·
696 2365 852 2426 unum
882 2358 1103 2462 systema,
1135 2338 1263 2461 quod
1298 2336 1526 2431 cerebrale
1560 2358 1655 2451 cst,
1690 2335 1985 2449 conflantur,
2017 2333 2067 2423 in
2104 2366 2202 2457 quo

697 2485 842 2616 figura
886 2487 1222 2619 gan'gliiformis
1261 2495 1503 2622 disparet:
1537 2496 1625 2610 sic,
1662 2492 1982 2605 econtrario,
2029 2521 2200 2616 organa

696 2645 952 2737 nutritioni
995 2648 1149 2740 ‘dicata
1192 2650 1441 2775 proprium
1465 2631 1679 2780 ¹systema
1718 2648 1968 2759 obtinent,
2015 2644 2066 2735 in
2103 2677 2201 2766 quo

697 2831 949 2891 nervorum
982 2803 1213 2926 pristinus
1237 2803 1429 2897 habitus
1455 2841 1508 2897 ac
1540 2806 1690 2898 forma
1724 2801 1969 2915 remansit,
1999 2821 2046 2890 et
2070 2799 2200 2923 quod

699 2952 845 3068 (sicut
873 2954 924 3045 in
950 2952 1116 3046 infima
1140 2959 1425 3052 animalium
1452 2960 1616 3079 classe)
1646 2958 1859 3070 canalem
1881 2953 2200 3048 intestinalem

697 3109 839 3200 ramis
867 3109 962 3202 suis
994 3111 1258 3206 circumdat
1293 3137 1437 3240 atque
1465 3119 1664 3247 stringit.

770 3265 828 3354 In
860 3265 1064 3390 piscibus
1094 3269 1254 3392 itaque
1289 3303 1458 3366 nervus
1489 3273 1857 3402 sympatheticus
1890 3269 2201 3366 tenerrimum

697 3416 835 3510 filum
862 3418 1100 3537 efformet,
1130 3425 1302 3549 inquo
1330 3462 1481 3555 pauca
1508 3430 1578 3521 vel
1605 3428 1738 3521 nulla
1759 3425 1940 3557 ganglia
1967 3425 2202 3549 reperiun-

697 3595 799 3688 tur,
834 3600 1022 3703 excepto
1056 3578 1193 3674 Gado
1217 3581 1343 3698 lota,
1381 3585 1514 3713 cujus
1545 3617 1713 3678 nervus
1746 3581 1939 3711 parvula
1969 3599 2202 3672 monstrat

571 3785 577 3798 ι
694 3729 876 3858 ganglia
904 3765 1014 3825 cum
1057 3739 1208 3830 nervis
1248 3739 1623 3834 intercostalibus
1655 3736 2072 3834 communicantia.

725 3883 732 3892 ’
769 3887 826 3978 ln
860 3889 1115 4015 amphibiis
1156 3895 1329 3998 iterum
1372 3931 1541 3992 nervus
1577 3897 1944 4027 sympatheticus
1984 3913 2199 4018 apparet,

694 4040 826 4166 juxta
857 4045 1044 4168 spinam
1085 4048 1206 4150 dorsi
1240 4055 1384 4164 situs3
1420 4055 1602 4184 ganglia
1641 4054 1848 4148 ostendit
1876 4053 1926 4143 in
1963 4047 2200 4141 testudine

697 4191 936 4316 (Crevier).
982 4202 1038 4294 ln
1070 4204 1288 4302 batraciis
1317 4233 1462 4336 atquc
1493 4213 1747 4339 ophidibus
1784 4233 2016 4332 tanquam
2053 4225 2201 4294 tener-

694 4350 874 4450 rimum
907 4351 1045 4450 filum
1079 4359 1130 4451 in
1171 4366 1390 4459 cranium
1426 4370 1635 4460 ascendit
1665 4401 1775 4460 cum
1807 4397 1920 4491 vago
1950 4361 2199 4486 junctum,

695 4507 813 4599 dum
847 4539 1010 4605 nervos
1039 4516 1438 4616 intervertebrales
1464 4525 1589 4619 inter
1619 4559 1665 4618 se
1699 4517 1981 4616 connectit.¹

767 4662 823 4752 ln
869 4666 1033 4760 avibus
1077 4703 1247 4767 nervus
1296 4678 1603 4774 intercostalis
1647 4713 1758 4772 cum
1807 4706 1949 4768 nervo
1999 4701 2110 4797 vago
2148 4659 2199 4759 ⁸et

691 4817 1104 4953 glossopharyngeo
1130 4862 1155 4921 e
1181 4834 1343 4926 cranio
1366 4837 1483 4952 exit,
1512 4870 1625 4930 cum
1652 4837 1825 4960 quinto
1852 4855 1900 4924 et
1920 4811 2048 4956 sexto
2083 4855 2200 4914 cere-

668 4971 898 5125 bralium
940 4961 1329 5103 communicans3
1365 4993 1586 5124 ganglion
1623 4993 1798 5086 format
1832 4983 2050 5082 cervicale
2086 5008 2198 5072 cum

737 5325 747 5352 '
774 5323 904 5402 Carus,
928 5330 951 5391 1.
975 5351 1024 5417 o.‚
1046 5334 1075 5419 ς.
1099 5342 1177 5419 ³²4·
