5080 6812
1051 723 1113 837 ix

330 1033 581 1199 gliorum
627 1069 847 1144 nomen
890 1045 1282 1186 usurparunt,
1332 1047 1472 1172 etc.·,
1531 1047 1705 1186 atque
1746 1023 1838 1142 his

331 1235 616 1354 limitibus
661 1231 1138 1351 circumscribere
1190 1273 1554 1381 sermonem,
1602 1257 1668 1348 ut
1714 1275 1836 1350 non

332 1447 445 1562 nisi
473 1444 548 1560 de
579 1445 739 1560 nervi
753 1437 1138 1608 sympatbetici
1144 1432 1407 1607 fabrica,
1432 1483 1536 1555 usu
1560 1467 1613 1558 et
1637 1439 1839 1558 mortui

335 1675 622 1771 tractetur.

415 1858 583 1980 Ordo
598 1903 795 1977 rerum
810 1857 1198 1975 dicendarum
1218 1901 1292 1974 ex
1311 1859 1440 2020 ipso
1459 1859 1645 2010 titulo,
1659 1902 1840 2022 quem

297 2069 831 2242 'Commentationi
862 2066 1117 2228 proefixi,
1160 2065 1361 2184 elucet.

415 2280 619 2395 Prima
648 2319 784 2443 ergo
815 2279 1054 2393 sectione
1092 2278 1410 2446 anatomica
1454 2275 1541 2441 egi
1578 2274 1653 2393 de
1696 2276 1839 2428 situ,

334 2477 617 2637 decursu,
667 2486 881 2637 romb,
928 2485 1424 2636 anastomosibuS‚
1475 2487 1637 2607 nervi
1676 2529 1840 2650 sym-

330 2695 624 2863 pathctici.
649 2694 879 2812 Deinde
899 2691 1346 2855 dispositionem
1365 2694 1650 2856 plexuum
1665 2717 1843 2859 atque

294 2903 615 3024 -fabricam
651 2904 1016 3072 gangliorum
1050 2906 1389 3023 examinare
1416 2904 1651 3058 studui,
1684 2949 1841 3066 prae*

329 3115 521 3231 missis
543 3109 1043 3238 observationibus
1064 3112 1139 3231 de
1160 3113 1494 3235 evolutione
1518 3109 1696 3275 hujus
1715 3157 1841 3278 sys-

330 3324 560 3440 tematis
598 3322 758 3483 apud
797 3317 1185 3484 embryoncm
1222 3344 1279 3439 et
1311 3318 1537 3440 foetum.

412 3536 482 3668 In
495 3526 880 3647 describendo
902 3553 1101 3646 autem
1119 3532 1281 3649 nervi
1302 3530 1710 3693 sympathetici
1723 3533 1843 3650 'situ

332 3735 509 3903 atque
528 3739 801 3890 decursu,
821 3739 903 3855 sic
919 3738 1365 3901 procedendum
1387 3779 1508 3856 esse
1533 3740 1841 3857 arbitratus

332 3993 494 4098 sum,
539 3968 604 4064 ut
631 3970 917 4108 tanquam
943 3937 1097 4063 unus
1133 3945 1286 4063 inter
1323 3969 1588 4114 caputet
1622 3947 1842 4108 pelvim

294 4313 296 4317 v
332 4182 637 4319 protensus
682 4153 1082 4272 consideretur
1120 4150 1417 4272 funiculus
1461 4197 1742 4306 nervom,
1779 4157 1843 4270 in

290 4335 293 4344 .
333 4353 520 4483 multa
550 4363 794 4526 quidem
820 4363 1046 4529 ganglia
1075 4362 1341 4514 inflatus,
1372 4365 1478 4482 sed
1509 4356 1842 4527 nunquam,

333 4575 426 4698 rel
452 4574 660 4692 saltem
697 4561 988 4690 rarissime
1023 4572 1410 4726 intermissus,
1437 4595 1613 4737 atque
1644 4575 1706 4690 in
1737 4618 1844 4692 sua

336 4771 775 4902 continuatione
814 4783 991 4944 plane
1041 4783 1415 4944 interruptus.
1486 4786 1617 4902 Tali
1659 4783 1844 4903 modo

336 5035 543 5110 omnes
566 4991 810 5155 quidem
837 4993 1174 5144 anatomici,
1197 5016 1442 5154 excepto
1462 4994 1843 5112 celeberrimo

338 5199 560 5342 Bicbat,
584 5244 832 5323 nervum
854 5189 1205 5364 praedictum
1229 5201 1649 5358 exbibuerunt5
1671 5227 1845 5366 atque

1491 5451 1521 5574 n
