5076 6816
1077 631 1173 752 139

368 844 635 940 oriundam.
655 844 768 938 Fuit
787 875 839 938 ca
857 843 908 936 in
926 842 1094 937 morbo
1111 841 1305 958 miliari,
1323 873 1420 966 quo
1436 841 1544 937 licet
1560 843 1807 974 profligato
1825 862 1873 941 et
2003 904 2006 910 ·

366 1001 559 1126 reliquis
579 999 975 1130 symptomatibus
993 999 1295 1112 cessantibus,
1319 1020 1481 1092 tamen
1499 997 1757 1129 perplures
1776 1032 1873 1129 sep·

365 1159 571 1250 timanas
596 1157 807 1250 substitit
834 1156 1055 1285 agrypnia
1082 1155 1316 1282 pertinax,
1337 1187 1441 1279 quae
1458 1157 1575 1250 vires
1593 1180 1870 1286 aegrotorum

365 1313 680 1406 exhauriebat.
727 1311 986 1408 Certiorem
1013 1343 1090 1404 me
1120 1309 1327 1424 reddidi,
1352 1341 1508 1435 neque
1531 1336 1709 1428 statum
1737 1309 1873 1406 sebri-

215 1581 217 1586 Ι
365 1467 488 1583 lem,
521 1499 676 1591 neque
711 1466 954 1596 sanguinis
988 1498 1142 1561 versus
1179 1486 1323 1593 caput
1358 1471 1704 1596 congestionem
1745 1471 1872 1562 istud

363 1647 631 1752 symptoma
665 1623 935 1750 produxisse
950 1660 962 1731 ;
1006 1623 1084 1715 sed
1120 1654 1147 1714 a
1181 1653 1319 1716 sensu
1352 1624 1534 1750 ingrato
1565 1627 1616 1716 in
1661 1645 1761 1716 toto
1793 1627 1871 1718 ab·

365 1779 559 1872 domine
581 1777 771 1896 diffuso,
795 1811 821 1870 a
848 1778 1059 1872 motibus
1082 1777 1289 1871 obscuris
1317 1798 1461 1900 atque
1490 1779 1795 1896 inordinatis,
1818 1783 1868 1874 in

365 1933 463 2027 imo
486 1957 647 2028 ventre
665 1934 913 2063 perceptis,
933 1934 1235 2062 progenitum
1255 1933 1403 2026 fuisse.
1433 1936 1670 2062 lngenere·
1687 1937 1868 2052 notavi,

363 2091 465 2183 dari
486 2091 675 2196 morbos
701 2113 845 2214 atque
869 2111 1016 2182 certos
1039 2090 1144 2182 vitae
1165 2110 1332 2203 status,
1352 2089 1436 2181 ubi
1456 2111 1653 2217 systema
1669 2091 1870 2220 gangiio-¹
2001 2159 2003 2169 ·

362 2277 495 2360 sum,
515 2247 659 2376 magis
680 2279 826 2370 quam
845 2273 931 2372 par
948 2267 1015 2337 est
1028 2244 1309 2358 cxcitatum,
1335 2264 1497 2368 atque,
1525 2265 1581 2336 ut
1602 2246 1666 2337 ita
1689 2248 1867 2364 dicam,

364 2401 650 2526 insopitum,
689 2424 887 2530 systema
929 2397 1158 2492 cerebrale
1191 2399 1353 2492 obruit
1394 2420 1441 2490 et
1478 2403 1774 2525 pessumdat,
1815 2405 1867 2495 in

363 2556 655 2681 cncephalon
690 2557 791 2682 pari
837 2557 979 2647 modo
1019 2555 1114 2682 agit
1154 2586 1208 2645 ac
1244 2581 1405 2646 sensus
1449 2557 1655 2669 externi,
1698 2581 1747 2650 et
1784 2560 1869 2650 im·

362 2713 494 2837 pedit
530 2743 590 2802 ne
623 2712 749 2804 istud
784 2711 1030 2837 fatigatum
1066 2709 1284 2832 quiescat.
1336 2709 1527 2804 Miseros
1555 2714 1650 2805 vidi
1679 2729 1869 2842 aegrotos

363 2868 469 2988 qui,
497 2867 572 2958 vix
597 2898 767 2958 somno
795 2865 961 2980 dediti,
990 2864 1149 2957 subito
1169 2865 1366 2958 fuerunt
1395 2868 1693 2995 expergefacti
1725 2890 1870 2995 atque

361 3020 524 3114 valido·
540 3045 587 3114 et
611 3023 744 3145 quasi
771 3022 984 3115 electrico
1005 3022 1104 3114 ictu
1130 3021 1304 3136 territi,
1328 3022 1388 3114 ab
1407 3024 1650 3151 epigastrio
1666 3023 1870 3153 proficis·

363 3201 522 3274 cente:
544 3171 731 3270 crudele
748 3179 1117 3304 phaenomenon‚
1139 3179 1269 3302 quod
1289 3210 1373 3305 per
1389 3179 1604 3308 plurium
1627 3183 1865 3276 mensium

360 3334 569 3462 spatium
599 3335 877 3427 duraverat!
1825 3317 1830 3330 ’

433 3495 611 3612 §.1132
650 3484 913 3583 Oculorum
934 3507 1079 3619 atque
1100 3489 1289 3582 narium
1316 3485 1514 3607 affictus
1540 3487 1866 3584 consensuulet

361 3665 409 3739 et
434 3635 494 3737 ab
522 3645 619 3737 imo
640 3667 801 3738 ventre
830 3647 1109 3772 pendentes,
1139 3645 1201 3738 ab
1228 3646 1362 3737 omni
1392 3675 1486 3738 aevo
1511 3645 1613 3737 noti
1636 3667 1865 3740 suntme

359 3801 487 3894 dicis.
1210 3883 1215 3894 .

359 4023 362 4028 ·
432 3954 636 4051 Gravcm
670 3957 979 4083 epidemicam
1012 3955 1362 4082 ophthalmiam
1399 3955 1672 4049 describunt
1699 3951 1868 4048 medici

358 4108 781 4204 =Vrotrshrwienses
794 4112 820 4224 ¹,
850 4145 961 4204 cum
988 4110 1265 4206 vehemente
1291 4112 1456 4238 capitis
1482 4111 1640 4203 dolore
1669 4129 1716 4203 et
1742 4113 1864 4204 caci-

358 4268 468 4361 tatis
481 4290 706 4361 secuturae
722 4268 933 4397 periculo
952 4269 1185 4395 junctam,
1203 4301 1229 4360 a
1244 4269 1408 4364 fomite
1429 4270 1480 4359 in
1494 4265 1863 4396 hypochondr'iis

358 4425 616 4517 constituto
650 4447 860 4541 enatam,
886 4426 1103 4517 adversus
1123 4447 1269 4548 quam
1299 4424 1369 4517 nil
1399 4443 1497 4516 erat
1524 4421 1690 4515 utilius
1714 4436 1861 4545 quam

356 4579 647 4706 profluvium
675 4581 789 4696 alvi,
820 4583 914 4675 sive
942 4604 1112 4708 sponte
1141 4603 1349 4696 motum,
1375 4582 1469 4673 sive
1497 4579 1762 4706 pharmacis
1792 4605 1863 4668 ern⁸

358 4737 570 4830 citatum.
608 4736 945 4865 Ophthaimias
971 4733 1216 4831 chronicas
1238 4771 1264 4828 a
1290 4723 1583 4865 FothorgiW
1610 4733 1861 4827 debellatas

404 5019 412 5046 ¹
438 5015 528 5080 Hist.
553 5019 663 5082 morb.
686 5016 877 5084 vratislaw.
913 5019 1013 5083 leus·
1035 5025 1068 5082 et
1091 5019 1234 5098 Genev.;
1262 5021 1365 5099 1746,
1387 5039 1422 5100 p.
1440 5022 1517 5100 237.
1691 5091 1697 5104 ,

402 5133 413 5160 ’
439 5126 499 5220 Os
505 5131 563 5194 the
577 5153 638 5195 use
652 5128 765 5222 ofthe
778 5142 866 5204 cort,
875 5153 995 5217 perun.
1013 5128 1051 5196 in
1064 5133 1201 5216 sc'ropb.
1217 5129 1348 5200 disord·
1368 5133 1464 5198 Med.
1482 5133 1608 5198 observ.
1623 5131 1699 5196 and
1708 5125 1856 5216 ioquin,

355 5247 426 5309 vol.
447 5269 480 5334 ι,
491 5267 529 5330 p.
548 5251 625 5312 30³.
