5076 6816
360 881 521 974 'motus
555 865 764 1006 ejusdem
803 859 1102 986 coccinatos,
1144 904 1199 964 ex
1235 843 1551 998 applicatione
1585 869 1870 967 irritamenti

363 1031 705 1129 metallorum.¹
1309 1037 1311 1040 ’
1710 1031 1717 1040 ’
1772 1111 1776 1116 .

431 1191 693 1302 Ceterum,
738 1208 811 1280 sat
846 1181 1038 1278 abunde
1068 1183 1273 1276 evictum
1310 1204 1378 1278 est
1418 1215 1444 1274 a
1476 1181 1687 1312 physices
1724 1183 1872 1276 culto-

348 1349 522 1460 ribus,
555 1366 607 1436 et'
633 1343 933 1470 potissimum
971 1373 998 1430 a
1036 1337 1360 1432 laudatissimo
1402 1334 1706 1454 Humboldt’‚
1727 1340 1873 1463 quod

365 1511 502 1632 agens
543 1499 841 1629 galvanieum
885 1494 1263 1622 inanimalium
1302 1516 1456 1620 partes
1494 1526 1607 1596 ¹non
1652 1461 1879 1624 operatus

366 1660 455 1751 nisi
496 1689 580 1784 per
615 1651 786 1747 fibram
820 1651 1070 1766 sensilem,
1105 1652 1154 1742 id
1191 1672 1288 1765 est,
1331 1682 1585 1743 nervosam.
1637 1649 1877 1782 Apparuit

364 1815 532 1908 exinde
562 1832 706 1933 atque
740 1805 1031 1901 declaratum
1075 1806 1171 1899 tuit
1213 1806 1468 1931 imperium
1519 1837 1775 1938 nortorum
1819 1809 1879 1933 in·

364 2002 537 2098 organa
557 1965 878 2058 involuntaria
902 1961 1187 2054 animalium
1213 1962 1444 2055 inferioris
1463 1963 1654 2056 ordinis.
1677 1963 1872 2058 Etenim

248 2215 251 2222 .
365 2125 593 2218 mollusca
620 2117 848 2247 (exempli
871 2118 1042 2245 gratia,
1066 2115 1211 2209 limax
1229 2137 1349 2230 ater,
1379 2139 1525 2209 ostrea
1554 2117 1874 2234 edulis,helix
1978 2215 1983 2226 ,
2116 2124 2127 2144 ’

365 2281 604 2408 Pometia,
640 2275 766 2367 helix
801 2272 1075 2388 nemoralis,
1117 2273 1242 2399 sepia
1278 2255 1585 2392 οίΐιοίηειΙὶε),Ι
1605 2307 1689 2400 per
1728 2277 1885 2404 galva.

366 2438 581 2529 nismum
623 2453 850 2542 tractata,
885 2426 1138 2522 stimulum
1173 2451 1524 2555 perceperunt:
1560 2430 1609 2521 id
1646 2434 1777 2553 quod
1819 2467 1890 2555 ex¹

366 2585 577 2683 motibus
600 2617 765 2679 eorum
793 2582 930 2676 facile
953 2604 1053 2675 erat
1074 2581 1391 2710 colligendum
1403 2630 1422 2696 ,¹
1446 2587 1659 2708 quamvis
1687 2588 1889 2686 cerebro.

365 2769 511 2870 atque
546 2739 755 2835 medulla
795 2738 967 2865 spinali
1004 2739 1228 2831 destituta
1261 2739 1360 2832 sint
1400 2740 1484 2832 ista
1528 2707 1885 2863 anim-aliaset⁴

368 2911 530 2997 nervos
553 2899 769 3030 'habeant
806 2895 1110 2988 solummodo
1139 2894 1396 2988 nutritioni
1426 2894 1635 3022 praefi-xos
1664 2921 1809 3025 atque
1849 2939 1879 2998 e

365 3059 559 3189 gangliis
583 3074 876 3150 emanantes!
898 3055 955 3144 In
974 3051 1172 3143 homine
1192 3053 1293 3188 ipso
1313 3054 1632 3180 experimenta
1655 3029 1875 3154 instituta

366 3215 706 3320 ostenderunt,
733 3208 1087 3301 irritamentum
1116 3205 1415 3334 galvanicum
1450 3240 1616 3302 nervos
1644 3215 1874 3312 viscerum

366 3365 747 3467 abdominalium
784 3396 1055 3490 permeare,
1088 3363 1294 3456 tormina
1336 3364 1556 3480 excitare,
1600 3388 1647 3461 et
1682 3391 1874 3464 motum

365 3524 706 3655 peristalticum
731 3520 1067 3612 intestinorum
1096 3502 1416 3646 promovere³2
1432 3554 1486 3612 ex
1507 3553 1603 3644 quo
1628 3503 1876 3635 manifeste

365 3683 605 3807 sequitur,
647 3698 846 3806 systema
883 3706 1132 3768 nervosum
1164 3675 1467 3768 abdominale
1504 3675 1635 3770 haud
1669 3707 1798 3773 secus
1825 3647 1897 3774 se¹

365 3839 561 3950 habere,
584 3833 742 3958 quoad
766 3830 1073 3925 stimulorum
1095 3831 1466 3959 perceptionem,
1491 3865 1545 3923 ac
1573 3865 1737 3927 nervos
1757 3869 1880 3930 cere-

365 3993 515 4090 brales
543 3993 674 4118 ipsos.
1234 3987 1237 3998 '

439 4151 508 4243 Ex
531 4127 757 4238 omnibus
773 4142 1027 4266 hucusque·
1043 4142 1240 4271 prolatis
1259 4141 1540 4236 concludere
1556 4143 1745 4251 licebit:
1768 4147 1880 4256 nul-

366 4306 464 4399 lam
498 4300 812 4396 differentiam
846 4299 1137 4393 essenti-alem
1174 4301 1457 4394 intercedere
1503 4301 1627 4396 inter
1672 4335 1875 4416 nervum

365 4459 763 4592 sympatheticum
784 4478 830 4549 et
851 4487 1016 4549 nervos
1039 4458 1102 4547 ab
1120 4457 1376 4586 encephalo
1399 4477 1446 4550 et
1464 4458 1672 4552 medulla
1696 4461 1870 4592 spinali

366 4619 558 4712 eductos
567 4652 579 4725 ;
619 4645 780 4706 verum
818 4612 920 4704 duo
944 4634 1192 4741 systemata
1219 4646 1410 4706 nervosa
1450 4613 1505 4706 in
1533 4647 1586 4708 eo
1623 4637 1869 4710 tantuma

407 4829 423 4918 ζ
450 4823 594 4907 Comptu
614 4821 743 4896 rendre,
766 4814 790 4884 d
814 4822 852 4885 Iu
871 4815 981 4885 classe
1008 4793 1067 4886 dei
1089 4817 1242 4887 {retenens
1262 4817 1549 4905 mathematiques
1570 4831 1606 4886 ct
1617 4820 1805 4915 physiqnes
1829 4826 1871 4891 de

366 4935 544 5005 {Ineunt
563 4932 744 5011 natinaei,
768 4936 827 4998 der
839 4931 1034 5021 premieres
1050 4913 1271 5022 experiericer
1290 4957 1356 5002 aur
1372 4937 1423 5001 tes
1438 4936 1673 5022 pttnomtaes
1686 4941 1735 5005 du
1749 4943 1871 5032 galva

366 5075 485 5120 nume.

412 5173 426 5202 ⁸
449 5151 552 5253 Lot,
573 5189 608 5253 pt
632 5170 695 5232 261
725 5175 758 5231 et
778 5171 939 5248 sequent

409 5276 428 5337 -²
447 5284 603 5372 Ibidem,
621 5305 657 5370 p·
675 5283 855 5361 334-338.
