5076 6816
1097 674 1189 770 117

383 847 595 947 electrieo
631 882 786 976 neque
809 854 1096 982 magnetico,
1127 854 1205 947 sed
1236 852 1364 976 quod
1394 849 1758 978 atmosphaeram,
1778 879 1885 962 con-

381 1008 539 1101 stituit
556 1009 824 1103 sensibilem
839 1001 973 1102 ¹circa
998 1041 1161 1103 nervos
1181 1031 1227 1102 et
1247 1006 1483 1102 musculos
1506 1008 1719 1140 ductam,
1740 1028 1884 1128 atque

350 1157 710 1291 'experimentis
742 1166 803 1258 ab
840 1165 1009 1274 illustri
1039 1160 1327 1258 Humboldt¹
1363 1166 1591 1278 institutis
1613 1162 1883 1290 probatam.

383 1317 483 1414 Gaz
510 1320 634 1414 istud
665 1322 725 1414 ad
752 1353 1034 1450 organorum
1061 1322 1168 1413 duci
1201 1322 1403 1413 arbitror
1425 1318 1640 1434 latebras,
1665 1319 1762 1410 imo
1780 1348 1883 1409 san-

379 1475 513 1602 guini
536 1497 583 1602 et
600 1474 883 1568 humoribus
901 1477 1104 1590 misceri,
1125 1477 1433 1599 et,-quamvis
1459 1473 1634 1587 surculi
1664 1504 1881 1608 uasorum

381 1631 523 1723 ramis
555 1632 761 1758 impositi
795 1654 974 1724 cessant
1010 1653 1057 1724 et
1093 1631 1239 1724 oculis
1269 1665 1330 1724 sc.
1348 1631 1665 1748 subducunt„
1685 1650 1879 1768 tamen,

380 1818 484 1880 mea
505 1790 699 1912 quidem
718 1791 962 1917 opinione,
980 1821 1124 1917 vapor
1143 1792 1244 1904 iste,
1265 1791 1320 1882 in
1338 1788 1429 1882 tela
1448 1785 1666 1881 cellulosa
1687 1775 1878 1912 effusus,

380 1943 440 2034 ad
478 1945 639 2039 omnia
663 1933 854 2071 'puncta
890 1967 1107 2070 penetrat
1148 1945 1333 2073 organi,
1379 1966 1522 2068 atque
1557 1941 1672 2056 hoe,
1714 1939 1878 2072 utita

354 2073 361 2112 ἶ
380 2095 558 2213 dicam,
577 2099 881 2226 atmosphaera
903 2131 985 2232 sua
1010 2091 1180 2227 replet.⁴
1202 2099 1414 2213 Surculi,
1435 2131 1553 2221 quos
1577 2098 1628 2189 in
1644 2094 1880 2224 uertebra·

357 2227 707 2379 'rum'corpora
738 2255 834 2380 ipsa
857 2255 952 2347 ridi
979 2257 1227 2367 immissos,
1259 2254 1351 2346 illis
1378 2250 1879 2382 etiambalitumnen

252 2429 255 2438 ·
359 2387 543 2498 ’νοειιίη
566 2439 647 2500 seu
669 2401 1100 2534 vaporemritalem
1129 2410 1387 2503 adducunt.
1423 2410 1645 2523 Rationes
1669 2437 1784 2528 quac⁴
1801 2435 1878 2538 me

379 2559 658 2686 impellunt,
687 2584 743 2689 ut
767 2557 992 2679 innervis
1014 2595 1107 2691 goa
1135 2563 1369 2690 peculiare
1393 2564 1665 2674 admittam,
1691 2552 1878 2688 phaeno·

365 2703 518 2808 'mena
552 2738 669 2809 sunt
697 2713 982 2832 multifaria,
1017 2719 1069 2826 in
1102 2740 1229 2811 statu
1256 2749 1393 2833 sano,
1418 2738 1526 2824 tum
1557 2740 1604 2809 et
1636 2707 1875 2835 morboso,

378 2874 681 2964 occurrentia.
732 2933 738 2942 -
1040 2865 1044 2872 ’

390 3097 393 3105 .
447 3021 518 3117 A.
547 3012 607 3117 1.⁰
625 3027 768 3144 Quod
789 3030 847 3122 ad
865 3031 1018 3156 priora
1044 3031 1235 3142 attinet,
1260 3031 1579 3126 invocandum
1598 3059 1689 3122 ease
1712 3058 1874 3160 censeo
1956 3141 1959 3146 Α

376 3201 613 3308 turgorem
635 3181 845 3300 vitalem,
865 3217 890 3276 a
915 3218 1050 3279 causa
1069 3185 1283 3314 psychica
1304 3209 1359 3280 ut
1377 3159 1874 3314 plurimumenatum.

377 3337 544 3429 Rubor
559 3337 833 3432 subitaneus
857 3341 1010 3455 facici,
1037 3376 1092 3434 ex
1110 3342 1260 3436 animi
1286 3339 1555 3468 patbematc
1582 3360 1730 3453 ortus,
1753 3359 1874 3456 certe

377 3489 478 3584 nori
506 3487 567 3584 ab
593 3490 756 3587 affecto
779 3518 1024 3623 systemate
1051 3529 1242 3590 nervoso
1268 3519 1315 3588 et
1337 3496 1593 3624 sanguineo
1623 3491 1881 3618 universali„

376 3623 569 3774 pendet,
586 3650 664 3741 sed
677 3651 738 3741 ab
748 3652 933 3745 actione
951 3653 1105 3778 topica
1126 3684 1391 3746 nervorum.
1407 3653 1525 3744 Vasa
1546 3639 1781 3776 capillaria
1797 3681 1875 3776 cu·

378 3803 437 3896 tis
453 3797 641 3928 reperite
660 3804 923 3934 dilatantur
942 3807 994 3899 in
1014 3807 1101 3898 isto
1120 3827 1265 3916 statu;
1282 3807 1467 3934 sanguis
1482 3807 1576 3931 ipse
1591 3804 1873 3933 expanditur

377 3959 436 4050 ad
464 3957 687 4051 volumen
714 3981 762 4052 et
782 3962 990 4086 spatium
1017 3962 1171 4086 majus
1192 3984 1382 4088 propter
1404 3960 1695 4089 principium
1716 3991 1873 4068 nerso-

372 4095 482 4207 sum
501 4115 586 4241 ipsi
604 4097 882 4230 admistum,
898 4120 1028 4241 quod
1047 4119 1253 4211 eundem
1268 4116 1485 4211 effectum
1504 4115 1790 4242 producitac
1804 4147 1873 4226 ca,-

374 4269 485 4363 loris
501 4271 568 4363 vis
589 4273 641 4363 in
660 4305 835 4397 aquam
850 4273 1145 4368 bullientem
1169 4275 1299 4367 Idem
1317 4274 1668 4401 phaenomenon
1687 4271 1883 4402 obtinet.
1946 4340 1948 4345 .

376 4423 428 4517 in
456 4425 733 4553 genitalium
764 4450 970 4557 turgore,
1000 4431 1084 4554 qui
1111 4431 1226 4522 adeo
1256 4453 1324 4523 est
1346 4417 1479 4542 uelox
1504 4431 1557 4561 ’ρι
1578 4462 1606 4558 a
1629 4425 1728 4562 sola
1755 4427 1872 4556 ima-

373 4579 626 4708 ginationis
656 4585 700 4675 vi
730 4585 1023 4713 progenitus,
1052 4608 1108 4681 ut
1134 4617 1288 4710 neque
1317 4618 1400 4711 per
1427 4614 1691 4712 spasmum,
1716 4611 1881 4706 neque

372 4715 458 4862 per
486 4739 596 4831 novi
626 4742 867 4868 sanguinis
890 4713 1147 4836 adventum
1175 4776 1201 4832 a
1230 4742 1367 4834 corde
1392 4738 1627 4882 propulsi,
1653 4736 1871 4864 explicari

376 4913 529 5020 queat,
559 4893 693 5002 Patet
715 4897 901 5014 exinde,
924 4931 1010 5006 cur
1035 4899 1153 5002 rami
1182 4898 1360 4992 nervosi
1386 4894 1656 5025 spectabiles
1684 4894 1873 4990 arterias

422 5246 495 5346 ιᾧ.
515 5266 563 5333 n,
583 5270 618 5331 p.
641 5249 701 5344 da,
729 5250 791 5346 bd,
818 5253 879 5338 84,
908 5254 968 5350 {575
993 5249 1051 5338 fig.
1075 5255 1137 5339 36,
1159 5257 1212 5333 ³7·
