5076 6816
1052 677 1145 804 1145

334 935 442 1006 mos
459 900 1068 1032 hydropisventriculorum
1085 934 1136 992 ea
1157 919 1472 1028 symptomata
1486 901 1844 1000 adnumeranda

340 1092 432 1152 csse
456 1092 640 1172 censeo,
668 1059 780 1179 quia
811 1057 1058 1180 aliquoties
1081 1055 1202 1148 felici
1230 1087 1341 1146 cum
1370 1089 1578 1150 successu
1613 1057 1854 1166 debellans

332 1237 442 1324 ¹tur3
472 1215 601 1336 quod
622 1215 713 1305 lere
741 1215 1016 1336 nunquam,
1040 1243 1118 1303 me
1137 1211 1334 1334 quidem
1352 1212 1532 1335 judice,
1555 1211 1653 1306 fieri
1675 1236 1845 1340 posset,
1874 1275 1878 1282 -

340 1369 377 1460 si
412 1400 646 1492 aquarum
687 1368 786 1494 jam
831 1369 1033 1486 adsuerit
1072 1367 1123 1456 in
1164 1367 1262 1458 istis
1288 1367 1582 1460 :caritatibus
1604 1368 1845 1474 collectio.

342 1524 482 1617 Haud
501 1525 695 1646 quidem
716 1523 1065 1647 circumscripta
1079 1543 1147 1614 cst
1165 1521 1338 1614 cerebri
1355 1524 1476 1614 actio
1493 1556 1701 1648 perversa
1712 1526 1845 1618 intra

342 1681 490 1773 cranii
512 1712 698 1789 cavum;
715 1682 794 1772 sed
813 1677 871 1770 ad
893 1679 1074 1770 dissitas
1084 1679 1290 1805 regiones
1305 1709 1396 1768 sese
1415 1680 1641 1792 extendit,
1662 1712 1758 1810 quo
1773 1677 1845 1795 fit,
1876 1701 1882 1708 “

344 1857 399 1927 ut
421 1837 575 1928 morbi
604 1836 807 1963 organici
835 1835 1173 1960 producantur.
1210 1829 1647 1926 Inflammationem
1671 1858 1718 1927 et
1743 1869 1849 1964 sup

342 1970 643 2119 putationem
661 1990 862 2116 hepatis,
877 2011 984 2115 post
997 1990 1169 2081 cerebri
1187 1988 1409 2103 laesiones,
1428 1991 1529 2082 sine
1544 1991 1691 2083 dubio
1706 1993 1849 2120 dyna-

343 2149 495 2245 micus
512 2170 659 2240 status
685 2147 927 2240 antecessit
946 2147 997 2236 in
1021 2166 1249 2270 apparatu
1272 2144 1434 2270 jecoris
1463 2179 1665 2239 nervoso.
1698 2149 1856 2250 Variae.

343 2303 603 2430 excogitatae
640 2304 835 2396 fuerunt
869 2299 1146 2431 hypotheses
1187 2300 1246 2390 ad
1291 2299 1624 2425 explicandum
1671 2337 1846 2396 nexum

344 2457 468 2548 inter
505 2456 796 2582 encephalon
826 2477 873 2546 et
901 2455 1173 2580 hepaticum
1204 2476 1432 2582 systema,
1471 2487 1676 2578 quarum
1714 2458 1847 2562 nulla

343 2611 687 2739 probabilitatis
710 2632 914 2702 assecuta
938 2633 1005 2702 est
1030 2611 1240 2737 gradum.
1272 2608 1455 2702 Meliori
1475 2612 1578 2738 jure
1605 2616 1663 2707 ad
1693 2648 1851 2708 nervo

347 2800 455 2859 rum
489 2766 974 2858 communicationem
1011 2797 1261 2890 provocare
1291 2798 1513 2890 possum,
1550 2771 1851 2894 potissimum

345 2923 404 3014 ad
436 2923 564 3014 nervi
594 2923 693 3049 vagi
724 2921 872 3013 dextri
906 2953 1017 3012 cum
1046 2920 1187 3047 plexu
1218 2919 1356 3012 solari
1393 2925 1852 3050 connubium,⁴quo

346 3080 589 3172 cerebrum
614 3111 725 3169 cum
751 3076 935 3205 ganglio
961 3076 1235 3168 semilunari
1267 3077 1427 3169 dextro
1452 3080 1777 3210 conjungitur,
1798 3117 1853 3185 ex

263 3339 265 3342 ¹
348 3265 444 3356 quo
471 3235 599 3325 nervi
632 3233 834 3356 bepatici
868 3233 1139 3357 posteriores
1173 3232 1346 3323 directe
1372 3233 1610 3326 emanant.

423 3383 486 3480 2.⁰
527 3388 692 3482 Cordis
726 3408 1054 3514 aneurysmata
1087 3387 1364 3512 prodromos
1387 3387 1639 3488 -babentssa
1677 3393 1861 3488 vellica.

347 3549 478 3641 tione
516 3515 767 3636 nervorum
795 3542 1078 3667 pendentes,
1107 3542 1359 3666 praesertim
1392 3576 1503 3638 cum
1527 3577 1582 3634 ex
1610 3546 1853 3644 arthritico

350 3703 518 3796 morbo
558 3722 717 3790 ortum
758 3698 981 3809 trahunt,
1019 3717 1066 3788 et
1105 3687 1235 3789 lento
1266 3730 1403 3822 passu
1440 3700 1718 3796 formantur.
1766 3708 1862 3804 Per

349 3859 546 3986 longum
569 3886 683 3980 saepe
708 3876 896 3980 tempus
914 3853 1116 3987 palpitat
1140 3886 1239 3966 cor,
1264 3876 1311 3946 et
1335 3861 1752 3982 tremores'patitur
1772 3896 1852 3957 seu
1945 3903 1949 3913 ¹

350 4011 658 4108 oscillationes
690 4041 925 4123 nervosas,
958 4031 1264 4132 antequama
1292 4043 1396 4102 vera
1418 4009 1855 4111 dilatationecorri-

352 4172 523 4298 piatur.
1281 4249 1284 4256 ,

427 4319 490 4416 3.⁰
526 4323 776 4417 Multifarii
813 4343 928 4415 sunt
955 4319 1147 4416 affectus
1174 4322 1399 4438 morbosi,
1444 4325 1528 4447 qui
1561 4326 1864 4453 pulmonum·

354 4479 680 4574 alterationem
708 4480 1048 4605 praenuntiant.
1090 4479 1179 4570 Per
1203 4478 1434 4604 plurimos
1458 4513 1573 4608 saepe
1598 4514 1749 4577 annos
1778 4489 1857 4581 ob·

355 4635 522 4730 noxius
552 4658 618 4728 est
647 4667 759 4762 aeger
781 4635 1081 4760 spasmodicis
1111 4635 1386 4750 insultibus,
1419 4639 1494 4728 cui
1528 4643 1721 4733 tandem
1753 4647 1858 4738 ossi·

335 4790 594 4883 „ficationes
630 4791 970 4915 superveniunt
1005 4792 1056 4881 in
1079 4791 1377 4902 arteriarum
1417 4795 1597 4885 truncis
1647 4830 1672 4886 e
1717 4801 1855 4894 corde

356 4947 718 5074 emergentibus,
737 4946 859 5037 sicut
881 4947 932 5037 in
955 4947 1126 5073 angina
1144 4947 1342 5070 pectoris
1364 4980 1433 5039 res
1452 4982 1544 5042 sese
1563 4951 1715 5043 habet.
1745 4956 1855 5048 Vidi

357 5073 598 5193 interdum
626 5100 864 5226 phthiseos
891 5133 1077 5227 genera,
1105 5133 1209 5223 quae
1240 5100 1291 5191 in
1328 5103 1561 5229 principio
1595 5106 1663 5197 nil
1689 5113 1857 5232 praebe-

333 5257 476 5350 bant
495 5257 589 5349 nisi
607 5255 845 5384 nevralgiae
868 5256 1182 5382 abdominalis
1204 5280 1541 5386 symptomata,
1562 5293 1862 5395 paroxysmos

1472 5445 1531 5538 ¹9
