5076 6816
1376 582 1470 675 160

663 831 772 892 rum
791 800 910 891 rami
930 798 1068 892 variis
1086 799 1137 890 in
1160 798 1349 892 morbis.
1381 798 1656 892 Observavit
1675 790 1744 888 A.
1759 795 1994 890 Dracon*
2011 831 2173 892 casum

662 952 882 1084 diabetae,
913 956 965 1046 in
1001 987 1098 1078 quo
1130 957 1265 1083 cystis
1298 955 1508 1046 urinaria
1548 953 1683 1045 valde
1725 974 1826 1047 erat
1867 953 2084 1084 dilatata,
2127 975 2173 1045 et

663 1140 833 1202 nervus
854 1110 1223 1239 sympatbeticus
1247 1131 1317 1202 ter
1339 1132 1560 1233 quaterve
1580 1111 1858 1202 incrassatus
1882 1111 1943 1202 ab
1968 1111 2174 1238 ingressu

661 1297 747 1358 suo
778 1266 829 1394 in
861 1267 1098 1360 abdomen
1128 1268 1366 1390 usquead
1396 1263 1543 1358 finem
1570 1297 1713 1359 suurn
1745 1266 1797 1356 in
1824 1265 1962 1390 pelvi

657 1383 931 1548 Egomet
956 1423 1190 1516 observavi
1220 1455 1383 1515 nervos
1404 1421 1597 1548 plexum
1623 1421 1973 1547 suprarenalem
2005 1421 2175 1513 consti-

664 1597 850 1670 tuentes
878 1578 1034 1672 multo
1075 1581 1310 1672 crassiores
1343 1580 1393 1671 in
1430 1580 1625 1691 morbo,
1656 1579 1740 1670 ubi
1767 1610 1899 1670 renes
1931 1601 2175 1671 succentu-

561 1704 566 1714 ¹
663 1731 770 1824 riati
806 1734 949 1827 ambo
981 1734 1129 1860 duplo
1161 1735 1358 1860 majores
1392 1738 1464 1825 in
1473 1733 1790 1826 substantiam
1823 1732 2172 1825 tuberculosam

662 1909 800 1980 erant
828 1889 1101 2016 degenerati.
1145 1888 1267 1982 Octo
1287 1889 1484 1981 aderant
1504 1889 1622 1981 rami
1643 1888 1870 2016 eganglio
1895 1887 2172 1981 semilunari

662 2041 823 2138 dextro
854 2044 1007 2137 emissi
1037 2046 1098 2136 ad
1126 2044 1365 2171 capsulam
1390 2044 1741 2171 suprarenalem
1765 2045 1999 2156 dextram,
2020 2067 2066 2135 et
2087 2066 2174 2136 tre·

662 2199 868 2292 decime
899 2201 1084 2330 ganglio
1121 2201 1397 2294 semilunari
1434 2202 1622 2293 sinistro
1658 2201 1717 2293 ad
1755 2198 1995 2326 capsulam
2028 2198 2175 2324 hujus

660 2353 827 2448 lateris.
871 2356 1053 2450 Omnes
1080 2358 1155 2451 isti
1184 2359 1303 2449 rami
1331 2359 1382 2449 in
1410 2355 1654 2483 superficie
1676 2354 2013 2484 glandularum
2042 2353 2173 2470 finie-

660 2510 852 2605 bantur.
882 2513 1110 2606 Morbum
1129 2514 1263 2606 hunc
1283 2514 1558 2640 organicum
1581 2513 1632 2605 in
1650 2513 1827 2604 femina
1847 2511 1996 2603 detexi
2015 2510 2171 2603 caelebi

660 2667 826 2795 viginti
849 2669 1066 2790 quinque
1081 2699 1338 2782 annorum,
1357 2669 1524 2760 rnorbo
1543 2667 1718 2760 miliari
1736 2667 1959 2760 chronico
1980 2666 2173 2759 adfecta.

660 2822 845 2914 Accidit
868 2822 955 2936 illi,
982 2846 1038 2915 ut
1068 2857 1093 2914 e
1123 2846 1294 2916 terrore
1313 2824 1689 2949 retropelleretur
1710 2825 2014 2936 exanthema,
2043 2823 2173 2916 unde

662 2979 1005 3071 enascebantur
1034 2978 1204 3104 spasmi
1239 2978 1520 3102 convulsivi‚
1555 2967 1812 3071 insultibus
1839 2979 2095 3106 epilepticis
2117 2981 2174 3070 si-

660 3132 813 3248 miles,
836 3136 1011 3258 quibus
1028 3134 1222 3227 tandem
1243 3134 1479 3227 occubuit.
1502 3135 1597 3230 'Nil
1618 3133 1998 3261 praeternaturale
2017 3137 2173 3262 depre-

659 3287 806 3381 hendi
833 3289 884 3381 in
908 3291 1126 3382 cadavere
1155 3291 1289 3382 istius
1312 3291 1519 3404 leminae,
1548 3292 1637 3382 nisi
1670 3291 1938 3418 praedictam
1967 3283 2173 3418 capsula-

661 3478 771 3538 rum
790 3447 1169 3572 suprarenalium
1196 3447 1536 3562 mutationem,
1558 3469 1606 3540 et
1633 3454 1885 3540 nervorum
1906 3447 2171 3540 crassitiem.

730 3605 773 3722 5.
802 3595 911 3693 152.
952 3605 1125 3698 Nervos
1154 3636 1306 3694 revera
1346 3635 1446 3694 non
1474 3603 1617 3695 modo
1655 3603 1854 3695 crassitie
1881 3604 2060 3731 augeri,
2091 3605 2171 3696 sed

660 3756 803 3849 etiam
828 3790 1050 3872 numero,
1072 3758 1475 3851 observationibus
1498 3759 1731 3850 institutis
1750 3760 2111 3852 demonstratur.

742 3899 803 4004 1.⁰
838 3913 1261 4042 Hydrosareocelen
1294 3915 1511 4029 dissecui,
1543 3914 1605 4006 in
1633 3915 1768 4039 cujus
1799 3915 2015 4007 funiculo
2051 3948 2172 4040 sper-

661 4068 836 4162 matico
854 4067 1011 4194 plures
1029 4071 1178 4162 detexi
1199 4073 1389 4162 nerveos
1406 4069 1639 4184 surculos,
1665 4103 1811 4195 quam
1829 4070 2171 4163 evidentissime

660 4224 720 4314 ad
745 4255 846 4315 vasa
871 4221 1125 4351 sanguinea
1158 4225 1468 4350 pertinentes,
1500 4258 1709 4349 quorum
1741 4257 1868 4318 unus
1902 4227 1962 4317 ad
1988 4247 2066 4318 vas
2098 4227 2173 4318 de-

663 4379 813 4470 ferens
840 4380 1144 4507 pertingebat.
1183 4380 1335 4496 Quo
1323 4414 1375 4473 rn
1395 4414 1504 4473 casu
1535 4383 1899 4508 microscopium
1925 4382 2169 4488 certiorem

664 4568 741 4626 me
777 4537 907 4650 lecit,
942 4535 1077 4629 nullo
1107 4569 1184 4628 me
1216 4541 1359 4631 modo
1388 4569 1493 4631 vasa
1524 4537 1811 4737 lymphatica
1842 4570 1928 4665 pro
1968 4539 2171 4630 nervosis
2280 4607 2285 4616 -

661 4692 946 4800 staminibus
975 4693 1202 4785 sumsisse.

709 4977 718 5006 ¹
742 4973 896 5058 tepora
920 4971 969 5066 os
989 4975 1046 5040 rte
1064 4971 1223 5060 practice
1243 4971 1280 5040 in
1310 4975 1369 5040 tlte
1396 4971 1545 5042 clinica!
1569 4977 1686 5042 warde
1706 4971 1756 5066 of
1775 4977 1834 5040 the
1856 4978 1965 5066 royol
1983 4971 2171 5064 infirmary

662 5085 711 5178 os
719 5089 945 5181 Edinburglr,
966 5088 1098 5181 during
1121 5092 1179 5154 the
1200 5092 1321 5156 morth
1348 5087 1397 5180 of
1416 5092 1610 5158 November
1639 5093 1715 5157 arrd
1736 5091 1928 5159 December
1960 5093 2065 5178 1807,
2097 5091 2173 5154 arrd

658 5211 846 5301 lanuury,
865 5211 973 5300 May,
997 5209 1097 5274 June
1119 5208 1196 5272 and
1212 5208 1306 5298 ,Ιιιζγ
1332 5209 1428 5271 1818.
1455 5203 1581 5274 Edinb.
1606 5209 1703 5272 1818.
1802 5213 1809 5226 '
