5080 6812
1113 651 1179 748 63

390 841 520 994 glion
536 904 549 976 ;
597 859 663 959 a?
697 863 844 996 figura
884 886 1073 961 externa
1111 886 1158 960 et
1189 865 1368 976 colorc3
1416 861 1479 960 3?
1511 866 1731 976 chemicis
1768 899 1897 992 expe·

392 1022 638 1137 rimantis,
681 1023 855 1145 quibus
896 1021 1141 1134 filamenta
1184 1018 1355 1151 ganglii
1392 1021 1670 1114 medullaria
1707 1055 1734 1113 a
1775 1020 1896 1114 solu-

391 1175 523 1268 tione
559 1177 653 1269 kali
688 1178 877 1270 caustici
919 1175 1271 1289 dissolvuntur,
1311 1177 1412 1301 pari
1452 1177 1594 1269 modo
1629 1210 1683 1269 ac
1719 1176 1894 1268 cerebri

390 1332 614 1429 medulla.
660 1335 905 1446 Ceterum,
937 1330 1017 1424 fila
1057 1332 1143 1450 ista
1176 1330 1480 1456 medullaria,
1514 1333 1643 1425 'dum
1671 1330 1894 1460 ganglion

391 1487 609 1602 intrant,
644 1491 806 1584 statim
842 1486 1101 1613 neurilema
1134 1487 1396 1613 deponunt.

460 1643 709 1736 Posterior
731 1664 1005 1737 contextum
1034 1641 1310 1734 cellulosum
1336 1640 1619 1770 singularem
1646 1641 1895 1732 constituit

389 1797 667 1915 clasticum·,'
707 1799 973 1894 innumeris
1007 1796 1217 1890 vesiculis
1249 1819 1393 1921 atque
1427 1775 1643 1889 cancellis
1674 1796 1894 1890 minutis-

216 1960 226 1982 '
369 1954 518 2048 simis
556 1969 802 2069 notatum,
847 1978 894 2047 et
932 1975 1083 2046 totam
1117 1951 1310 2087 filorum
1349 1952 1687 2088 medullarium
1719 1950 1891 2080 ganglii

388 2141 659 2238 compagem
696 2111 1083 2226 circumdantem.
1137 2109 1246 2203 Haec
1278 2109 1565 2224 substantia,
1604 2107 1748 2233 cujus.
1765 2107 1894 2200 color

389 2264 531 2356 ruber
563 2298 663 2358 non
691 2267 832 2358 unice
863 2299 889 2356 a
926 2267 1042 2357 vasis
1072 2263 1343 2392 sanguifcris
1379 2265 1578 2390 pendet,
1614 2265 1667 2354 in
1699 2263 1892 2392 gangliis

387 2420 517 2510 nervi
553 2419 880 2547 sympatbetici
922 2421 1132 2516 tenacior
1156 2441 1235 2516 ,ost
1262 2440 1317 2542 ,et
1351 2415 1442 2512 filis
1478 2418 1799 2543 circumjacet,
1840 2420 1891 2510 in

385 2574 579 2702 gangliis
613 2608 719 2666 vero
751 2574 1013 2700 spinalibus
1050 2574 1197 2694 larior
1231 2595 1299 2670 est
1331 2574 1584 2699 dispertita.
1631 2573 1892 2666 Maximam

386 2761 493 2827 vero
526 2729 856 2824 cohaerentiam
886 2729 1029 2853 atque
1049 2729 1591 2851 tenacitatem-acquirit
1623 2727 1892 2856 iugangliis

385 2887 750 2994 semilunaribus
777 2926 788 2982 ι
819 2919 917 3014 quo
942 2882 1020 3002 fit,
1056 2909 1111 2980 ut
1132 2887 1398 2984 eorundem
1425 2885 1714 3012 investigatio
1747 2906 1891 3007 atque

359 3043 652 3162 ¹anatomica
679 3043 879 3171 analysis
904 3043 1121 3134 maximis
1149 3062 1393 3167 prematur
1420 3038 1816 3133 difficultatibus.¹

394 3264 400 3275 -
456 3201 498 3315 l.
531 3196 611 3302 83.
656 3199 826 3312 Nunc,
867 3231 972 3322 quae
1010 3199 1106 3324 ipse
1154 3197 1274 3292 circa
1319 3194 1614 3323 gangliorum
1662 3196 1887 3289 fabricam

386 3350 618 3460 observavi
653 3354 900 3469 intimam,
936 3353 1166 3462 candidus
1202 3350 1466 3482 enarrabo.

392 3577 402 3584 -
458 3507 656 3635 Optima
688 3508 939 3600 methodus
972 3506 1267 3636 gangliorum
1299 3505 1524 3602 fabricam
1557 3505 1887 3632 investigandi,

382 3663 514 3790 juxta
546 3659 783 3792 Ruyscln'i
804 3660 1071 3793 &Scorpio
1097 3683 1329 3786 mentem,
1360 3661 1413 3752 in
1439 3660 1753 3754 maceratione
1779 3692 1888 3753 con-

382 3820 503 3912 sistit
544 3853 599 3910 οι
636 3852 763 3912 mera
804 3850 940 3941 aqua.
998 3818 1176 3934 Eadem
1202 3815 1475 3912 ,encheiresi
1518 3836 1697 3941 egomet
1745 3847 1885 3932 usus,

384 4004 648 4070 neruorumv
677 3973 859 4101 ganglia
900 3969 1071 4070 tabule
1110 3973 1270 4098 ligneae
1307 3972 1470 4085 affixa,
1512 3969 1724 4092 quotidie
1765 4002 1885 4064 nova

384 4127 581 4254 limpida
609 4162 732 4252 aqua
753 4129 975 4247 laxando,
1003 4130 1055 4220 in
1081 4127 1296 4256 globulos
1322 4147 1608 4238 tomentoscs
1632 4123 1804 4252 redegi,
1833 4127 1884 4221 in

383 4279 558 4406 quibus
594 4281 949 4380 filamentorum
984 4285 1399 4406 subtilissimorum
1430 4282 1549 4375 ratio
1585 4279 1764 4407 optime
1793 4315 1886 4374 sese

285 4455 289 4462 ’
383 4439 560 4550 obtulit
584 4442 869 4566 ¹obsecranti,
892 4443 1122 4569 praecipue
1143 4473 1255 4561 cum
1283 4439 1513 4534 laminam
1535 4415 1768 4533 ebeneam‘
1786 4468 1887 4530 ner-

364 4595 448 4687 ·vis
473 4596 812 4723 subjecissem„
830 4630 926 4721 quo
957 4597 1134 4716 surculi
1166 4597 1320 4693 nemci
1354 4595 1499 4690 albidi
1528 4593 1672 4721 magis
1702 4592 1884 4718 conspi-

382 4752 458 4842 cui
492 4753 820 4845 reddebantur.

361 4975 362 4980 ι
382 4994 386 5005 ,
452 4907 530 5010 Sic
548 4909 808 5004 examinavi
829 4932 1057 5006 truncum
1076 4913 1205 5008 uerri
1224 4907 1528 5004 interuostalis
1553 4927 1696 5028 atque
1716 4901 1881 5001 seriem

427 5251 499 5312 ¹1.
523 5271 571 5338 c0,
590 5273 625 5336 p·
654 5274 727 5317 ιιι.
