5076 6816
1363 611 1457 706 162

651 868 778 930 nam.
815 830 963 927 Pelris
994 865 1021 924 a
1047 830 1242 925 materie
1271 852 1372 923 erat
1397 828 1616 944 dilatata,
1642 830 1708 922 sic
1738 849 1786 924 et
1816 850 1990 949 ureter,
2026 837 2162 963 cujus

648 990 845 1119 parietes
873 989 1137 1083 admodum
1167 1008 1303 1080 erant
1327 986 1565 1080 incrassati
1593 1007 1738 1109 atque
1765 986 1886 1080 duri.
1922 991 2163 1087 Insidebat

651 1148 846 1274 insuper
869 1141 1130 1274 superficiei
1166 1143 1311 1270 hujus
1334 1143 1460 1238 renis
1495 1117 1636 1268 adeps
1664 1142 1917 1237 induratus
1951 1169 1998 1238 et
2026 1150 2162 1271 quasi

649 1303 924 1417 scirrhosus,
946 1302 1032 1426 qui
1065 1301 1117 1394 in
1143 1300 1246 1394 aliis
1271 1301 1455 1428 organis
1484 1299 1738 1412 morbosis,
1771 1302 2073 1427 potissimum
2099 1305 2163 1397 ab

652 1460 1034 1554 inflammatione
1066 1458 1287 1550 chronica
1315 1457 1560 1582 correptis,
1591 1455 1756 1550 obvius
1787 1478 1867 1550 est.
1902 1443 2072 1552 Plexus
2097 1493 2164 1552 re·

649 1616 771 1714 nalis
792 1649 817 1708 e
842 1617 1059 1740 quinque
1081 1613 1383 1707 solummodo
1407 1609 1643 1705 conflatus
1666 1633 1765 1703 erat
1791 1612 1934 1706 ramis
1960 1610 2026 1735 (i.
2043 1610 2160 1738 36),
2182 1706 2189 1714 ,

647 1805 822 1900 parum
832 1771 958 1902 inter
975 1804 1022 1864 se
1038 1769 1398 1882 cohaerentibus,
1417 1745 1765 1894 ganglion'vero
1783 1771 2163 1864 monstrantibus

649 1928 899 2022 dimidiam
916 1926 1094 2020 lineam
1112 1924 1280 2017 latum.
1312 1923 1440 2017 Cum
1458 1953 1543 2014 ren
1561 1921 1645 2014 iste
1663 1952 1776 2012 cum
1796 1923 1892 2014 suis
1910 1927 2163 2019 exsiccatus

648 2103 763 2176 esset
788 2082 961 2196 nervis,
985 2078 1177 2200 ramuli,
1193 2079 1348 2171 ner-vei
1378 2077 1540 2172 oleum
1559 2077 1885 2186 exsudabant,
1899 2083 2027 2178 nervi
2052 2115 2160 2174 vero

649 2236 841 2334 alterius
873 2237 997 2330 renis
1028 2235 1209 2355 (sani),
1247 2232 1528 2362 parimodo
1562 2234 1858 2327 exsiccationi
1898 2238 2160 2354 commissi,

649 2425 750 2488 non
780 2375 1092 2487 ostendebant
1123 2391 1244 2484 illud
1276 2390 1642 2517 phaenomenon.

721 2541 900 2669 §³154
930 2549 1005 2641 De
1030 2547 1120 2641 bau
1148 2577 1403 2640 nervorum
1432 2543 1705 2640 differentia·
1726 2545 1958 2670 judicanti
1987 2547 2159 2675 duplex

651 2703 776 2798 mihi
796 2725 946 2798 status
970 2703 1282 2797 assumendus
1301 2733 1398 2794 esse
1413 2700 1663 2795 videbatur
1689 2701 1902 2836 partium
1931 2737 1961 2796 a
1983 2705 2161 2799 morbis

649 2859 877 2990 organicis
903 2880 1238 2986 correpturum.

722 3018 780 3108 In
812 3015 962 3141 priori
986 3013 1161 3108 seilicet
1188 3035 1341 3130 statu,
1372 3047 1583 3144 organon
1615 3015 1668 3107 in
1694 3015 1920 3108 fabricam
1953 3014 2160 3112 alienam

650 3171 847 3296 quidem
876 3192 1121 3264 mutatum
1143 3193 1230 3286 est,
1251 3173 1331 3265 sed
1360 3201 1461 3264 non
1482 3192 1789 3297 corruptum
1819 3172 1986 3301 magis,
2009 3205 2034 3264 e
2053 3203 2162 3266 con·

650 3321 817 3441 uario,
849 3325 1044 3424 evolutae
1074 3349 1192 3420 sunt
1218 3351 1373 3454 partes
1404 3329 1529 3420 istud
1559 3328 1931 3421 constituentes:
1960 3329 2159 3444 arteriae,

649 3483 850 3609 exempli
872 3486 1040 3611 gratia,
1060 3482 1216 3598 multo
1241 3485 1603 3598 numerosiores,
1623 3515 1751 3576 venae
1773 3484 1917 3612 magis
1935 3482 2160 3598 dilatatae,

650 3638 744 3732 tela
772 3638 992 3734 cell-ulosa
1017 3672 1156 3732 succo
1184 3662 1365 3734 scatens
1391 3640 1671 3766 copiosiori,
1698 3661 1868 3768 cryptae
1892 3662 1939 3732 et
1960 3640 2159 3736 folliculi

651 3796 934 3922 capaciores,
967 3829 1075 3890 vasa
1103 3795 1394 3925 lymphatica
1424 3796 1569 3924 magis
1597 3797 1878 3922 conspicua,
1908 3818 1990 3888 etc.
2034 3798 2161 3890 Huic

648 3971 895 4059 structurae
922 3953 1182 4048 mutationi
1213 3952 1315 4045 sine
1341 3952 1490 4045 dubio
1517 3972 1666 4045 status
1695 3951 1895 4074 quidam
1930 3949 2161 4081 physiolo-
2223 3981 2228 3988 ·

648 4106 1069 4233 gisus.resp0ndet;
1087 4097 1205 4201 vires
1225 4109 1330 4204 vitae
1351 4109 1470 4204 sorte
1489 4129 1605 4202 sunt
1629 4129 1794 4223 auetae,
1813 4105 1885 4200 vel
1905 4141 1932 4200 a
1951 4107 2157 4202 naturali

649 4261 876 4390 temperie
903 4284 1048 4386 atque
1080 4264 1337 4364 directione
1368 4285 1568 4362 remotae.
1597 4264 1682 4378 ‚Sic
1709 4296 1831 4357 nova
1859 4263 1912 4356 in
1933 4262 2160 4392 glandula

650 4415 1036 4546 istarhyreoid'ea,
1050 4453 1198 4546 quam
1216 4421 1452 4548 descripsi,
1468 4421 1658 4518 secretio
1673 4420 1890 4515 humoris
1899 4419 2161 4548 gelatinosi,

650 4573 716 4665 sic
747 4604 868 4670 nova
897 4577 1072 4680 tunicae
1096 4578 1320 4705 vaginulis
1353 4577 1590 4692 conditio,
1617 4609 1724 4701 quae
1752 4575 1859 4670 so'ns
1893 4597 1992 4668 erat
2021 4574 2159 4672 fluidi

492 4789 494 4796 ·
648 4730 786 4824 semsi
821 4733 873 4827 in
900 4733 1115 4826 testiculo
1141 4733 1384 4848 morbose,
1420 4755 1732 4863 augmentum
1757 4753 2075 4860 poposcerunt
2098 4731 2162 4825 vi-

650 4885 788 4980 rium,
806 4890 1145 5018 organicorum.
1187 4890 1321 5008 Quid
1350 4889 1611 5006 mirum,-si
1641 4889 1740 4983 istis
1771 4890 1824 4988 in
1855 4889 2037 4983 casibus
2058 4919 2161 4981 ner-

650 5075 826 5138 uorum.
845 5047 1225 5174 deprehendatur
1249 5037 1403 5175 major
1430 5079 1673 5176 compages
1694 5067 1840 5168 atque
1871 5045 1991 5139 ratio
2004 5049 2030 5137 i

724 5207 784 5300 In
814 5204 960 5300 altero
999 5237 1106 5302 vero
1141 5226 1268 5302 statu
1307 5205 1503 5310 nonita
1537 5235 1687 5304 seres
1723 5201 1929 5308 habent·
1969 5199 2158 5330 Organa
