5080 6812
742 915 888 1039 5216.
919 911 1105 1014 'Nervus
1135 919 1373 1013 cardiacus
1397 917 1724 1050 superficialis,
1752 920 1846 1014 sire
1876 916 1937 1012 ab
1964 919 2182 1018 intercos²

671 1073 754 1168 tali
774 1076 1033 1202 productus
1053 1075 1134 1188 sit,
1153 1074 1246 1169 sive
1266 1107 1292 1166 a
1313 1077 1414 1202 pari
1439 1110 1572 1208 vago,
1589 1077 1682 1171 sive
1703 1077 1764 1168 ab
1785 1075 1997 1199 utrisque
2012 1077 2179 1197 simul,

669 1227 1088 1357 tuper'carotidem
1118 1230 1356 1325 descendit
1380 1232 1470 1326 sub
1496 1233 1646 1360 specie
1675 1229 1746 1326 fili
1774 1231 1869 1326 albi
1894 1233 2004 1325 satis
2030 1229 2178 1352 firmi,

553 1385 556 1392 ’
671 1388 802 1511 quod
845 1419 981 1504 vero,
1030 1388 1114 1482 ubi
1160 1420 1331 1480 nervus
1375 1389 1614 1483 cardiacus¹
1655 1390 1706 1482 in
1745 1388 1930 1517 ganglio
1968 1390 2179 1483 cervicali

671 1535 1036 1638 medio'novum
1068 1544 1215 1638 robur
1241 1543 1441 1671 accepit,
1473 1544 1618 1672 paulo
1649 1545 1816 1638 lortius
1848 1565 2041 1672 apparet
2072 1567 2180 1673 post

668 1699 1057 1825 conjunctionem
1078 1732 1190 1793 cum
1208 1699 1295 1791 isto
1313 1700 1511 1830 ganglio.
1535 1701 1841 1825 Quocunque
1856 1723 2016 1795 autem
2033 1701 2177 1796 modo

669 1887 763 1950 sese
779 1849 950 1948 habeat
967 1884 1136 1947 nervus
1157 1854 1395 1948 cardiacus
1412 1851 1734 1982 superficialis,
1753 1889 1864 1949 cum
1882 1857 1942 1949 ad
1956 1858 2177 1950 arteriam

670 2011 1026 2110 innominatam
1048 2009 1283 2138 pervenit,
1310 2010 1361 2102 in
1390 2012 1608 2136 quinque
1637 2045 1791 2105 ramos
1816 2010 2039 2128 finditur,
2063 2045 2181 2137 quo-

644 2199 780 2264 ·rum
817 2188 908 2260 tres
942 2168 1119 2260 arteriae
1153 2166 1467 2260 innominatae
1502 2189 1647 2294 atque
1684 2191 1823 2262 aortae
1844 2169 2176 2297 prospiciunt3

668 2345 717 2418 et
752 2323 944 2451 plexum
990 2323 1295 2416 constituunt
1330 2322 1594 2451 simplicem
1636 2326 1726 2419 sub
1770 2328 1967 2420 nomine
2000 2321 2178 2456 plexus

668 2475 895 2574 cardiaci.
915 2475 1260 2616 superficialis,
1303 2481 1422 2572 dum
1465 2481 1562 2574 duo
1605 2481 1775 2606 reliqui
1796 2502 1959 2606 atque
1997 2480 2176 2574 externi

668 2635 988 2730 anastomosin
1025 2636 1199 2727 ineunt
1235 2667 1347 2726 cum
1388 2667 1523 2728 ramo
1557 2639 1681 2763 paris
1720 2639 1851 2767 vagi,
1897 2662 1945 2734 et
1980 2672 2112 2733 ramo
2151 2667 2178 2730 e

664 2789 851 2921 ganglio
871 2789 1106 2883 thoracico
1124 2791 1283 2916 primo
1302 2789 1393 2882 sub
1412 2792 1578 2884 arteria
1599 2791 1835 2886 subclavia
1856 2795 2176 2888 descendente.

740 2945 1087 3040 Corroboratur
1116 2978 1144 3037 a
1173 2943 1351 3072 duplici
1386 2943 1476 3037 hac
1505 2951 1788 3040 anastomosi
1819 2980 1931 3042 ansa
1961 2950 2042 3041 illa
2077 2981 2179 3042 ner-

661 3113 750 3197 'rea
783 3101 1092 3230 plexilormis,
1126 3131 1273 3225 quam
1310 3102 1453 3194 modo
1481 3096 1683 3231 plexum
1716 3099 1991 3197 cardiacum
2025 3105 2180 3198 nomi·

669 3259 910 3372 navimus,
948 3278 996 3350 et
1031 3291 1057 3349 c
1089 3256 1226 3383 cujus
1264 3258 1553 3352 convexitate
1587 3261 1707 3353 rami
1741 3260 2035 3354 descendunt
2072 3261 2178 3396 plu·

612 3483 616 3490 -
668 3413 779 3510 rimi
807 3415 868 3507 ad
892 3413 1026 3506 basin
1056 3414 1219 3507 cordis.

653 3540 657 3551 ‚
741 3569 971 3687 Quamvis
1003 3567 1167 3698 plexus
1194 3568 1278 3664 iste
1307 3569 1547 3664 cardiacus
1576 3600 1775 3700 magnus
1800 3603 1882 3664 seu
1908 3571 2176 3698 profundus

664 3748 857 3858 propter
891 3749 1205 3821 anastomoses
1237 3757 1293 3818 ac
1332 3725 1579 3820 divisiones
1617 3759 1872 3821 nervorum
1909 3729 2172 3828 admodum

668 3885 917 3979 intricatus
944 3881 1026 3996 sit,
1060 3878 1401 3994 nihilominus,
1429 3878 1607 4009 analysi
1642 3882 1788 3996 sacta,
1821 3882 2055 4011 triplicem
2088 3883 2177 3978 ori·

665 4040 825 4170 ginem
857 4057 1119 4166 agnoscunt
1154 4068 1321 4131 omnes
1347 4035 1410 4130 ab
1440 4035 1541 4164 ipso
1568 4038 1787 4165 producti
1823 4061 1967 4166 atque
1998 4040 2058 4133 ad
2095 4057 2176 4135 cor

665 4215 969 4328 properantes
998 4191 1186 4288 ramuli.

736 4357 777 4478 ς.
808 4385 883 4481 ¹7·
916 4351 986 4446 Ex
1006 4348 1237 4479 predictis
1263 4347 1393 4443 enim
1421 4345 1574 4477 colligi
1600 4369 1775 4478 potest,
1807 4381 1971 4445 ansam
2003 4352 2176 4446 cardia·

666 4543 770 4608 cam
803 4506 1178 4636 plexisormcmc
1208 4505 1380 4633 triplici
1416 4505 1548 4599 sonte
1575 4506 1735 4602 nasci:
1765 4501 1823 4599 1.⁰
1848 4509 1902 4604 in
1928 4529 2060 4636 parte
2088 4541 2174 4602 sua
2260 4541 2263 4550 ·

663 4665 880 4761 interiori
907 4683 1052 4790 atquc
1079 4661 1273 4756 carotidi
1303 4681 1352 4754 ct
1373 4661 1688 4756 innominatus
1710 4663 1942 4791 propiori,
1970 4697 1996 4756 a
2030 4687 2175 4758 nervo

669 4821 880 4917 cardiaco
906 4817 1211 4952 superficiali,
1237 4818 1455 4914 assumtis
1484 4817 1681 4913 ramulis
1702 4821 1836 4914 sociis
1861 4852 1889 4915 a
1912 4821 2013 4948 pari
2037 4853 2173 4950 vag03

671 4968 738 5076 a?
760 4979 811 5074 in
833 4999 966 5112 parte
984 5011 1067 5074 sua
1096 4975 1272 5088 media,
1291 5007 1318 5067 a
1338 4976 1491 5068 nervis
1511 5007 1538 5067 e
1557 4973 1743 5106 ganglio
1767 4975 1976 5070 cervicali
2003 4973 2175 5069 infimo

663 5158 811 5262 atquc
831 5135 1068 5230 thoracico
1087 5132 1245 5262 primo
1264 5130 1626 5261 egredientibus,
1648 5132 1780 5226 sactis
1799 5132 2175 5260 anastomosibus

667 5326 779 5388 cum
813 5313 1104 5408 recurrente,
1139 5311 1285 5418 atquc
1321 5289 1495 5390 iterum
1530 5321 1642 5384 cum
1677 5321 1820 5383 nervo
1853 5289 2064 5385 cardiaco
2099 5323 2175 5390 sua
