5080 6812
1424 767 1463 834 X

685 1023 785 1139 tali
809 1022 992 1140 modo
1012 1063 1135 1139 sese
1164 1022 1388 1184 praebet
1409 1025 1605 1186 primo
1628 1026 1844 1141 intuitu
1867 1027 2065 1196 minus
2088 1068 2197 1187 pe3·
2238 1105 2241 1112 -

686 1232 808 1347 ritis
829 1254 886 1347 et
908 1231 1084 1391 plane
1106 1231 1482 1348 inexercitato
1513 1231 1701 1348 oculo.
1746 1233 1946 1350 Altera
1977 1232 2197 1384 deseri-

685 1421 867 1555 isendi
890 1438 1229 1587 methodus,
1250 1449 1284 1553 a'
1305 1440 1478 1602 citato
1499 1435 1708 1602 Bicdot'
1722 1440 1888 1602 inita,
1903 1441 1964 1554 in
1980 1444 2054 1621 eo
2070 1440 2203 1606 solo

687 1648 826 1764 casu
852 1645 1118 1764 adhiberi
1137 1669 1352 1808 posset,
1372 1647 1418 1763 si
1439 1648 1688 1813 ganglia,
1711 1649 2037 1767 seeundum
2057 1648 2195 1766 nul·

685 1855 1021 2022 lam'legem
1044 1857 1262 2017 posita,
1290 1878 1465 2016 atque
1494 1857 1828 1996 inordinato
1847 1854 2030 1974 modo
2054 1856 2195 1973 hinc

687 2031 826 2180 inde
861 2064 1099 2225 disjecta
1133 2084 1351 2210 essent3
1383 2064 1431 2179 si
1462 2063 1670 2224 plexus
1681 2073 1701 2214 ,’
1720 2065 1972 2182 solitarie
1999 2063 2206 2198 distni-v

686 2274 839 2424 buti,
871 2272 1036 2434 nullo
1058 2272 1270 2422 modo,
1291 2316 1400 2389 nec
1425 2275 1576 2390 inter
1593 2316 1679 2422 se,
1699 2315 1807 2390 nec
1828 2315 1967 2389 cum
1987 2235 2200 2391 trunco

688 2481 949 2646 quodam
978 2482 1216 2600 centrali
1242 2480 1626 2630 cohaererent3
1652 2483 1699 2598 si
1728 2480 1983 2643 denique
2015 2483 2195 2597 innu-

684 2682 876 2808 meras
897 2690 1197 2852 vanetates
1218 2688 1547 2854 ostenderet
1566 2653 1778 2810 nervus
1797 2709 1993 2806 noster
2013 2669 2197 2860 in'suo

686 2899 829 3050 s'itu,
871 2897 1121 3014 decursu
1164 2908 1339 3056 atque
1376 2893 1911 3012 ramificatiOnibus.
2047 2911 2052 2924 “

765 3107 950 3278 Statui
976 3106 1197 3266 itaque,
1232 3126 1290 3221 et
1320 3103 1430 3221 sub
1461 3104 1704 3222 nomine
1737 3107 1898 3220 nervi
1926 3105 2195 3223 intereos·

684 3317 837 3453 talis,
854 3312 1260 3484 sympatheticz]
1274 3310 1835 3480 sympatdici'magni,
1856 3286 2198 3483 trisplanchss

685 3528 799 3643 nici
829 3523 1206 3690 (Chaonia),
1239 3521 1517 3684 descripsi
1550 3521 1883 3639 funiculum
1913 3496 2200 3641 nerveum

683 3733 1015 3852 secundum
1051 3730 1481 3896 longitudinem
1518 3747 1694 3891 atque
1725 3772 1897 3847 axem
1921 3734 2193 3893 eorporis

686 3953 1023 4090 extensum,
1078 3937 1311 4104 duobus
1351 3933 1705 4101 gaudentem
1744 3941 2031 4078 extremis,
2074 3982 2194 4056 uno

686 4113 989 4312 oephalico,
1014 4144 1194 4261 altero
1202 4144 1418 4306 pelveo.
1448 4145 1588 4292 Quo
1607 4141 1760 4262 sacto
1780 4145 2024 4266 evitatur
2045 4119 2200 4267 vana

686 4319 784 4472 illa
806 4355 1076 4515 quaestio,
1093 4351 1280 4515 qualis
1300 4352 1373 4468 sit
1393 4353 1576 4518 origo,
1601 4376 1658 4470 et
1671 4325 1857 4514 qualis
1871 4355 2032 4474 nervi
2031 4345 2192 4519 finis.

765 4563 838 4682 Et
848 4583 869 4712 ,’
879 4560 1043 4732 quod
1063 4561 1265 4676 attinet
1285 4557 1361 4675 ad
1383 4557 1854 4682 distributionem
1870 4562 2032 4682 nervi
2051 4604 2194 4678 nos-

684 4772 758 4888 tri
800 4769 1206 4942 intereostalis,
1245 4767 1322 4885 ad
1357 4769 1495 4886 alias
1529 4768 1961 4944 disquisitiones
1995 4770 2191 4890 remisi

687 4980 1074 5141 quaestionem
1106 4977 1269 5094 illam
1301 4976 1570 5130 alteram,
1603 5021 1737 5142 quae
1762 4979 1838 5096 de
1872 4983 2044 5149 remis
2079 4959 2206 5144 agit·

687 5188 918 5356 receptis
943 5207 1117 5354 atque
1137 5187 1359 5306 emissis.
1390 5188 1622 5356 Itaque2
1644 5230 1726 5304 ne
1750 5189 2045 5309 certamen
2070 5184 2201 5308 ori?
