5076 6816
1396 647 1464 774 98

673 894 721 956 sc
755 865 959 959 invicem
990 865 1275 994 discrepare,
1317 866 1448 988 quod
1479 886 1742 989 utrumque
1777 865 2003 992 peculiari
2042 869 2187 964 modo

674 1051 722 1113 se
763 1020 937 1114 habeat
972 1022 1104 1149 juxta
1148 1023 1295 1116 varias
1330 1021 1625 1114 conditiones
1665 1052 1782 1145 quas
1826 1021 1920 1118 illis
1958 1024 2188 1153 imposuit

628 1295 631 1300 Δ
675 1199 860 1270 natura.
940 1263 943 1270 .

749 1335 912 1429 Primo
941 1335 1279 1429 demonstrarit
1305 1333 1573 1428 anatomica
1609 1333 1900 1457 disquisitio,
1934 1355 2199 1454 truncum,

677 1523 832 1588 ramos
871 1513 918 1584 et
954 1488 1198 1584 filamenta
1238 1492 1366 1584 nervi
1411 1489 1741 1620 sympathetici
1784 1493 1948 1584 eadem
1987 1495 2188 1622 gaudere

675 1669 936 1760 structura,
979 1678 1074 1771 qua
1109 1649 1238 1743 nervi
1271 1648 1522 1741 cerebrales
1550 1667 1598 1738 et
1625 1646 1850 1773 spinales3
1891 1649 2188 1772 eandemque

678 1826 942 1900 monstrare
958 1805 1237 1898 divisionem
1258 1804 1602 1932 plexiformem,
1620 1825 1765 1927 atque
1787 1804 2079 1931 microscopii
2100 1837 2188 1932 ope

678 1962 945 2056 examinata
979 1963 1180 2054 candem
1208 1961 1426 2064 exhibere
1464 1961 1880 2088 compositionem,
1914 1967 1947 2054 'c
1977 1961 2187 2058 medulla

680 2121 854 2245 nempe
889 2140 937 2211 et
975 2117 1299 2212 neurilemate.

698 2327 704 2336 ·
752 2275 924 2392 Quoad
947 2273 1175 2390 alterum,
1204 2273 1369 2369 docuit
1391 2295 1573 2368 attenta
1600 2305 1758 2366 rerum
1781 2275 2064 2389 observatio,
2087 2307 2188 2396 ner·

677 2463 793 2564 vum
813 2431 1211 2561 sympatheticum
1232 2432 1334 2559 pari
1351 2432 1512 2546 modo,
1534 2463 1588 2523 ac
1603 2463 1767 2526 nervos
1778 2431 2028 2526 cerebralcs
2042 2453 2189 2556 atquc

560 2675 564 2686 ,
678 2588 913 2717 spinales,
960 2588 1284 2715 impressiones
1314 2608 1518 2717 receptas
1557 2588 1799 2679 traducere
1838 2587 1899 2678 ad
1916 2589 2188 2684 >sensorium

681 2766 949 2841 commune.
973 2743 1051 2838 Sic
1070 2743 1444 2856 irritamentum,
1466 2744 1643 2870 primas
1661 2744 1757 2836 rias
1769 2742 2011 2859 vellicans,
2032 2779 2191 2842 acere-

680 2903 768 2996 bro
784 2901 944 2995 statim
956 2881 1234 3028 percipitur,
1249 2901 1378 3024 quod
1393 2901 1744 2993 demonstran-t:
1765 2894 2041 2996 i.⁰tormina
2053 2903 2190 2999 variis

682 3061 735 3156 in
770 3059 949 3153 morbis
979 3058 1314 3169 occurrentia3.
1334 3051 1398 3150 2⁰
1425 3056 1633 3150 calculus
1666 3059 1718 3153 in
1755 3059 1978 3160 ductibus
2013 3058 2191 3156 haerens

681 3214 901 3331 biliariis,
926 3214 998 3307 vel
1025 3213 1076 3306 in
1095 3213 1217 3346 pelvi
1244 3197 1439 3330 renum,
1465 3248 1546 3308 seu
1572 3216 1625 3308 in
1645 3215 1929 3326 ureteribus3
1957 3209 2021 3309 3?
2043 3216 2192 3308 irrita·

682 3393 906 3466 mentum
936 3369 1094 3498 plexui
1118 3371 1335 3498 hepatico
1360 3373 1634 3491 admotum,
1660 3404 1756 3499 quo
1780 3370 1960 3468 animal
1991 3371 2192 3465 doluisse

589 3619 591 3624 .
650 3528 931 3660 'ridebatur
959 3522 1198 3639 Hallero²3
1246 3522 1309 3645 4⁰
1330 3561 1468 3657 agens
1496 3529 1817 3658 galvanicum,
1850 3550 2039 3623 motum
2074 3528 2193 3656 peri·

681 3682 925 3784 stalticum
962 3683 1280 3812 maximopere
1319 3716 1624 3811 promovens,
1669 3707 1776 3778 tum
1808 3707 1855 3778 et
1886 3685 2191 3786 secretionem

682 3841 807 3936 succi
827 3840 1062 3957 neuterici,
1096 3843 1363 3936 secundum
1381 3843 1717 3973 ¹experimenta
1750 3876 1777 3936 a
1813 3837 2191 3973 ,Grapangicsero

685 3995 946 4100 instituta.²

758 4151 1022 4280 Opponent
1050 4153 1206 4256 forsan
1229 4153 1475 4258 adversarii
1497 4155 1832 4282 impotentiam
1857 4153 1987 4256 nervi
2013 4185 2195 4284 sympa-

684 4308 849 4402 thetici
901 4311 953 4403 in
1000 4312 1367 4414 transmittendo
1410 4311 1669 4408 voluntatis
1714 4311 1845 4439 jussu
1887 4311 1946 4403 ad
1997 4340 2192 4440 organa,

685 4463 863 4591 quibus
894 4500 1048 4562 ramos
1078 4470 1302 4602 impertit.
1343 4469 1435 4564 Sed
1468 4499 1634 4564 nonne
1666 4469 1875 4562 existunt
1913 4467 2042 4567 nervi
2078 4500 2195 4560 cere·

684 4623 853 4738 brailes,
872 4623 987 4717 huic
1009 4627 1194 4753 negotio
1217 4626 1430 4720 absolute
1451 4625 1634 4722 alieni?
1662 4624 1944 4726 Stomachus
1967 4655 2065 4718 non
2088 4623 2195 4744 sub

685 4780 885 4884 vertitur
914 4815 969 4874 ex
993 4781 1092 4875 solo
1126 4785 1541 4898 mentisarbitrio,
1571 4785 1791 4912 quamvis
1819 4814 1974 4877 ramos
1997 4781 2196 4907 accipiat

658 4935 938 5031 .·cerebrales
961 4975 971 5032 :
996 4939 1363 5069 diaphragmatis
1387 4963 1435 5036 et
1460 4940 1787 5036 musculorum
1811 4934 2195 5032 abdominalium

692 5225 695 5232 .
738 5170 747 5199 ¹
772 5170 825 5231 De
845 5177 933 5254 part.
956 5190 1050 5255 corp.
1072 5173 1167 5236 hum.
1191 5170 1348 5237 sentient.
1375 5183 1410 5240 ct
1430 5173 1564 5241 irritnb.
1590 5177 1707 5262 Opera
1726 5173 1880 5254 minora3
1905 5171 2197 5258 tom.·1,p.³57·

735 5282 749 5312 ¹
770 5283 991 5360 Hauserat,
1016 5287 1042 5350 1.
1064 5309 1114 5374 α,
1138 5309 1174 5372 p.
1195 5291 1272 5353 336.
