5076 6816
1374 639 1478 764 aa
1601 676 1605 684 ·
1663 677 1682 708 ·

658 856 743 949 ista
765 887 870 949 vasa
892 855 1128 981 imprimis
1151 853 1241 948 sub
1272 853 1470 980 imperio
1493 839 1755 946 nervorum
1770 851 2028 943 constituta
2053 879 2165 966 esse,

657 1034 704 1112 ,et
732 1013 793 1102 ab
826 1011 990 1105 iisdem
1020 1010 1117 1102 vim
1134 1032 1294 1134 atque
1325 997 1561 1135 energiam
1590 1009 1803 1101 mutuari
1819 1019 1838 1138 ,ζ
1863 1039 1960 1132 qua
1994 997 2060 1100 in'
2079 1041 2167 1100 nu-

540 1153 544 1178 '
659 1166 866 1259 tritionis
904 1149 966 1258 ac
990 1165 1257 1259 secretionis
1291 1163 1621 1258 functionibus
1658 1162 1891 1256 laborant
1946 1163 2168 1290 Suspicor

652 1323 827 1436 etiam,
870 1323 968 1414 vim
1004 1303 1247 1426 nervosam
1293 1322 1346 1412 in
1392 1351 1592 1449 organa,
1645 1351 1750 1443 quae
1792 1351 1898 1412 vasa
1921 1293 1924 1302 .
1946 1321 2165 1413 arteriosa

652 1477 1014 1604 ingrediuntur,
1045 1479 1178 1601 quasi
1213 1475 1421 1570 diffundi
1455 1508 1543 1603 ope
1577 1475 1678 1570 tclae
1704 1474 1958 1591 cellulosae,
1988 1463 2040 1568 in
2071 1508 2167 1598 qua

656 1630 835 1746 surculi
872 1635 1027 1727 ncrvei
1059 1655 1378 1737 evanescunt:
1406 1665 1503 1756 quo
1533 1628 1614 1748 fit,
1646 1653 1702 1725 ut
1730 1641 1939 1759 organon
1971 1623 2168 1725 'intimis

658 1789 755 1908 sui-s
774 1787 963 1882 latebris
985 1789 1036 1880 in
1062 1775 1369 1915 atmosphaera
1391 1819 1555 1881 nervea
1585 1787 1718 1910 quasi
1745 1788 1807 1880 sit
1825 1775 2167 1902 constitutum,

660 1943 732 2036 vel
761 1943 827 2036 ah.
849 1977 901 2036 ea
931 1927 1215 2070 penetretur.
1898 1953 1901 1962 ’

647 2201 650 2210 ‚
732 2099 919 2191 Placuit
946 2099 1317 2194 observatoribus
1344 2130 1544 2191 nervum
1568 2087 1967 2228 sympatheticum
1999 2097 2170 2225 experi-

662 2254 836 2347 mentis
867 2255 1144 2349 submittere
1180 2254 1528 2385 physiologicis,
1558 2256 1610 2346 in
1640 2256 1759 2348 vivis
1784 2254 2072 2349 animalibus
2102 2255 2170 2346 in-

645 2410 860 2548 stitutiS,
906 2410 965 2502 ad
1005 2395 1341 2538 explorandam
1381 2410 1590 2535 ejusdcm
1631 2399 1730 2503 vim
1768 2409 1972 2503 vitalem.
2026 2410 2169 2504 Vario

661 2566 806 2670 modo
835 2564 1016 2660 tentata
1051 2567 1249 2660 luerunt
1277 2566 1362 2658 ista
1395 2539 1740 2692 erperimcnta,
1775 2568 2074 2693 potissimum
2109 2565 2171 2660 ab

663 2737 978 2847 eotempore,
1004 2752 1101 2844 quo
1128 2721 1179 2813 in
1204 2720 1408 2848 physicis
1433 2713 1649 2815 innotuit
1671 2748 1819 2850 agens
1843 2718 2170 2850 galaniticum,-

662 2877 741 2968 sed
775 2909 877 2971 non
912 2878 1158 3004 respondit
1184 2878 1248 2970 rei
1278 2908 1512 2970 successus
1546 2879 1680 2970 omni
1719 2911 1746 2970 a
1781 2878 2063 3008 physiologis
2095 2877 2174 2968 ad-

559 3005 561 3010 ’
657 3029 827 3126 nara
856 3065 988 3130 eurae.
1533 3127 1540 3140 ,
1800 3006 1804 3014 ’

640 3279 643 3287 ,
737 3184 934 3283 Bitian
964 3190 1146 3318 ganglia
1175 3191 1479 3287 semilunaria
1514 3193 1721 3294 irritavit
1738 3195 1789 3290 in
1818 3191 2015 3286 animali
2045 3191 2172 3306 vivo,

665 3375 823 3467 neque
865 3343 956 3436 hoc
999 3368 1161 3440 tamen
1201 3346 1359 3441 ullum
1390 3333 1572 3443 'doloris
1617 3351 1804 3478 signum
1855 3349 2014 3484 edidit.
2077 3348 2173 3474 Ego

548 3509 554 3520 '
638 3533 859 3625 squoque
889 3501 1096 3628 pericula
1136 3503 1221 3595 leci
1255 3489 1307 3596 in
1343 3505 1614 3630 junioribus
1647 3501 1957 3619 animalibus,
1998 3501 2175 3596 catellis

665 3657 896 3783 praecipue
919 3679 967 3750 et
985 3657 1200 3773 canibus,
1227 3658 1372 3784 paulo
1398 3683 1504 3786 post
1528 3683 1746 3788 partum,
1773 3695 1858 3786 per
1879 3659 2175 3756 vulnusme·

666 3811 807 3904 dullae
836 3812 1007 3938 spinali
1037 3811 1277 3907 inflictum
1307 3816 1486 3931 occisis,
1515 3818 1573 3908 ad
1603 3817 1934 3909 illustrandam
1966 3813 2175 3937 quaestio-

637 4000 804 4088 nem,
838 4002 902 4061 an
930 3955 1231 4097 excitati'per
1261 3970 1516 4065 stimulum
1546 3972 1760 4066 alienum
1788 3963 1917 4063 nervi
1958 3959 2175 4062 intereos¹

630 4122 783 4226 ,tales
823 4146 1012 4240 motum
1053 4126 1198 4217 edant
1242 4127 1295 4218 in
1334 4129 1517 4255 organis
1562 4160 1649 4220 suo
1686 4128 1884 4254 imperio
1924 4125 2174 4219 submissis

667 4277 744 4372 De
772 4280 1003 4373 industria
1036 4302 1239 4374 mortem
1270 4271 1396 4376 hisce
1428 4283 1717 4378 animalibus
1745 4285 1880 4396 dedi,
1914 4303 2174 4404 antequam

670 4436 986 4560 experimenta
1008 4437 1057 4528 in
1083 4439 1234 4531 nervis
1253 4461 1526 4556 tentassem,
1546 4472 1608 4534 ne
1624 4463 1782 4534 motus
1799 4437 2174 4551 extraordinarii,

671 4622 791 4714 quos
825 4613 1043 4684 exserunt
1080 4593 1283 4686 durante
1319 4595 1413 4688 vita
1449 4597 1643 4689 cruciati
1676 4595 2024 4722 quadrupedes,
2056 4592 2177 4719 phae·

590 4804 593 4814 κ
672 4777 878 4837 nomena
919 4749 1168 4840 turbarent
1216 4751 1268 4841 in
1310 4751 1461 4844 nervis
1507 4752 1806 4844 observanda.
1869 4749 1996 4864 Sed,
2039 4747 2175 4838 omni

669 4898 781 5002 licet
818 4901 1037 4995 cautione
1071 4904 1310 5020 adhibita,
1348 4907 1500 4999 nihilo
1536 4907 1682 5037 magis
1718 4907 1985 5032 quidquam
2021 4903 2178 5030 depre-

721 5256 729 5285 ¹
753 5250 945 5321 Anatomr'e
961 5259 1146 5347 generula·
1170 5267 1252 5326 tom.
1272 5284 1309 5349 r,
1324 5283 1364 5347 p.
1382 5281 1555 5348 rap-241.
