5076 6816
1061 745 1161 804 1111

348 933 407 1038 ad
441 928 623 1061 ganglia
653 928 958 1022 semilunaria
990 928 1265 1056 pertinent,
1299 929 1471 1044 idest,
1516 929 1576 1022 ad
1609 930 1853 1026 cerebrum

298 1087 299 1090 ‘
348 1065 662 1184 abdominale.
717 1087 885 1179 Fateor
922 1077 1150 1210 quidem,
1182 1119 1353 1214 organa
1392 1085 1476 1179 ista
1516 1086 1689 1182 intimo
1729 1111 1866 1182 nexu·

347 1277 459 1336 cum
491 1275 744 1335 nervorum
771 1243 873 1334 foco
897 1231 1145 1357 cohaerere,
1171 1243 1218 1334 id
1248 1243 1377 1365 quod
1407 1233 1682 1336 anatomicae
1708 1244 1864 1335 admi-·

348 1400 646 1493 nistrationes
680 1397 929 1492 clarissime
960 1402 1312 1508 demonstrant3
1352 1399 1557 1492 concedo
1592 1400 1736 1493 etiam
1771 1431 1855 1526 per

347 1557 666 1650 ventriculum
698 1557 749 1647 in
774 1577 938 1648 nervos
965 1588 1095 1681 posse
1122 1555 1192 1684 agi
1218 1555 1540 1648 abdominales
1565 1594 1576 1647 :
1602 1557 1680 1647 sed
1709 1588 1853 1683 nego,

347 1715 497 1806 animi
516 1712 787 1840 pathemata
806 1712 1126 1822 stomachum,
1145 1710 1312 1837 hepar,
1337 1710 1511 1804 lienem
1531 1710 1601 1804 vel
1630 1709 1854 1806 intestina

345 1872 592 2000 pervadere
615 1892 875 1993 antequam
911 1869 962 1959 in
992 1901 1156 1962 nervos
1186 1867 1509 2004 abdominales
1543 1869 1853 1984 incurrerint,

346 2060 607 2151 eorumque
643 2048 862 2118 centrum
894 2023 1145 2118 affecerint
1188 2025 1437 2120 Existimat
1462 2019 1658 2138 Bicbat,
1693 2025 1853 2120 focum

345 2184 450 2276 vitae
485 2183 741 2276 nutrientis
780 2180 1024 2275 sublatum
1062 2181 1140 2293 iri,
1160 2182 1207 2309 §si
1237 2207 1411 2308 'organa
1445 2181 1711 2308 epigastrica
1743 2214 1770 2272 a
1806 2214 1855 2276 se

347 2339 548 2432 invicem
577 2360 726 2431 essent
756 2360 959 2451 remota,
984 2339 1022 2430 si
1049 2337 1358 2454 ventriculus,
1382 2335 1581 2462 exempli
1609 2338 1778 2466 gratia,
1800 2339 1852 2430 in
1910 2347 1914 2354 ’

242 2595 246 2606 ,
347 2494 468 2586 collo
495 2516 608 2586 esset
634 2493 832 2620 positus,
865 2493 1012 2619 hepar
1040 2494 1090 2586 in
1122 2493 1271 2621 pelvi,
1311 2492 1453 2586 etc¹=
1484 2494 1532 2585 id
1559 2495 1713 2616 quod,
1746 2526 1853 2587 meo

346 2651 541 2774 quidem
563 2649 760 2774 judicio,
780 2649 1049 2742 admodum
1073 2671 1149 2742 est·
1168 2681 1431 2744 erroneum.
1463 2619 1855 2774 Q'uantacunque

346 2807 477 2902 enim
504 2807 565 2898 sit
591 2807 716 2898 inter
743 2805 838 2898 haec
866 2807 1034 2898 viscera
1071 2791 1319 2921 distantia,
1350 2806 1614 2898 dummodo
1643 2839 1728 2932 per
1755 2839 1855 2900 ner-

344 2995 513 3056 vorum
552 2958 795 3054 filamenta
836 2962 960 3056 inter
997 2995 1044 3056 se
1080 2962 1467 3078 communicent,
1505 2962 1630 3054 idem
1665 2982 1759 3077 est,
1800 2995 1854 3070 ac

345 3120 434 3213 sibi
465 3119 726 3216 admodum
764 3139 915 3212 essent
949 3118 1123 3232 vicina,
1153 3116 1229 3230 ‚vel
1263 3117 1535 3211 immediate
1561 3117 1853 3217 cohaerentia.

347 3277 605 3374 Remotum
645 3308 671 3366 a
715 3247 978 3366 ventriculo
1019 3296 1086 3366 est
1132 3275 1407 3390 cerebrum,
1451 3296 1499 3368 et
1538 3274 1854 3370 nihilominus

347 3433 580 3530 celeritate
617 3428 881 3522 incredibili
923 3429 1246 3555 impressiones
1292 3430 1426 3524 istius
1463 3430 1624 3559 organi
1663 3431 1724 3524 ad
1763 3430 1854 3528 hoc

346 3588 668 3684 reflectuntur.
709 3585 889 3678 Omnia
913 3587 1126 3712 pendent
1159 3619 1185 3678 a
1214 3609 1377 3681 centro
1406 3589 1615 3712 quodam
1648 3618 1852 3683 nervoso.

346 3745 450 3842 Hoc
483 3767 700 3836 centrum
732 3744 886 3834 existit
915 3745 966 3834 in
990 3737 1143 3872 plexu
1169 3739 1323 3836 solari
1337 3781 1352 3834 .-
1375 3744 1529 3836 eristit
1557 3743 1661 3869 jure
1686 3767 1852 3878 atque,

346 3925 402 3994 ut
428 3903 491 3993 ita
511 3902 687 4013 dicam,
709 3901 987 3993 auctoritate
1006 3887 1089 3994 sua
1108 3898 1320 4026 propria;
1341 3899 1544 3994 afficitur
1561 3901 1851 4020 immediate,

347 4057 493 4150 nullis
523 4056 808 4182 interpositis
842 4057 1114 4171 visceribus,
1145 4088 1250 4181 quae
1283 4055 1419 4150 nulio
1454 4057 1597 4151 modo
1638 4063 1697 4156 ad
1731 4057 1848 4154 illud

345 4248 392 4308 se
424 4215 605 4308 habent
642 4215 713 4318 uti
750 4239 976 4308 sensuum
1007 4245 1177 4342 organa
1211 4215 1273 4305 ad
1306 4213 1565 4306 cerebrum.
1613 4217 1715 4310 Hoc
1750 4248 1851 4310 non

324 4363 594 4484 excitatur,
635 4371 724 4464 nisi
769 4371 1091 4464 mediantibus
1126 4372 1375 4465 sensibus:
1402 4393 1585 4499 gustus,
1621 4349 1850 4488 olfactus,

346 4529 561 4640 auditus,
585 4527 731 4643 visus,
756 4552 930 4642 tactus,
960 4551 1075 4622 sunt
1103 4561 1217 4624 verae
1243 4529 1348 4643 viae,
1382 4560 1499 4652 quas
1530 4528 1852 4656 impressiones

346 4684 639 4778 ascendendo
656 4708 951 4810 percurrunt.
973 4689 1030 4778 ln
1051 4686 1237 4780 cerebro
1256 4708 1416 4778 autem
1437 4685 1730 4784 abdominali
1749 4719 1850 4781 non

345 4840 451 4932 ita:
485 4840 638 4932 animi
676 4842 948 4968 pathemata
978 4844 1038 4935 ad
1076 4843 1166 4935 hoc
1202 4839 1679 4966 reflectunturnulla
1718 4873 1848 4936 mora

345 4995 637 5123 interposita,
654 4999 831 5124 absque
849 5000 1176 5130 cooperatione
1190 4994 1459 5112 ventriculi,
1478 4994 1677 5128 hepatis,
1695 4996 1847 5116 licniS,

391 5333 753 5438 'sestianae
853 5447 861 5456 ι
