5080 6812
1097 682 1163 792 43

373 902 619 994 manifeste
649 901 881 1028 producti.
923 899 1254 1028 Saepenumero
1286 898 1512 1025 inquisivi
1544 900 1597 990 in
1626 929 1878 1004 nervorum

372 1056 594 1150 mollium
628 1059 903 1185 propagines
934 1057 1110 1149 arteriae
1145 1055 1354 1148 carotieae
1388 1076 1584 1148 externae
1621 1088 1776 1170 ramos
1808 1055 1877 1150 in·

369 1233 638 1334 sequentes,
662 1234 715 1304 et.
728 1212 1098 1304 observationem
1121 1210 1390 1336 praedictam
1410 1210 1504 1302 vidi
1533 1206 1875 1310 confirmatam.

370 1365 482 1458 Tela
507 1365 745 1482 cellulosa,
769 1368 987 1460 arteriam
1010 1364 1288 1492 lingualem,
1318 1364 1608 1460 maxillarem
1633 1385 1875 1474 externam

371 1521 577 1645 aliasque
597 1522 830 1650 integens,
856 1503 1160 1646 microscopio
1178 1521 1478 1647 objectorum
1505 1520 1730 1615 volumen
1756 1555 1878 1615 sexa-

368 1679 527 1805 gesies.
551 1699 749 1806 augente
805 1677 1025 1790 lustrata,
1074 1674 1144 1768 nil
1188 1697 1297 1774 erat*
1322 1675 1411 1768 nisi
1461 1698 1558 1770 rete
1599 1709 1877 1794 nervosum,

369 1831 420 1926 in
451 1865 548 1955 quo
575 1831 910 1932 tractuslactei
942 1830 1107 1924 coloris
1134 1832 1364 1957 descripto
1384 1865 1516 1936 more
1542 1833 1877 1950 decurrebant,

367 2019 392 2080 a
435 1987 525 2082 tela
564 1987 781 2080 cellulosa
826 1987 1074 2080 communi
1117 1985 1349 2112 (exempli
1389 1987 1560 2114 gratia,
1599 1989 1873 2083 musculum

365 2143 796 2269 sternohyoideum
829 2140 1131 2258 investiente)
1165 2162 1287 2254 tot0,
1310 2163 1374 2233 ·ut
1398 2141 1559 2267 ajunt,
1582 2143 1702 2236 ooelo
1724 2145 1875 2250 ,diver-

365 2313 484 2389 sum.
534 2300 593 2390 In
625 2297 740 2389 foetu
773 2295 1051 2423 septimestri
1088 2293 1331 2396 ramulum
1374 2294 1590 2411 mollem,
1628 2331 1653 2390 e
1687 2298 1873 2426 ganglio

365 2451 574 2544 cervicali
601 2480 838 2577 supremo·
863 2451 1179 2562 enatum,·ad
1210 2450 1466 2542 carotidem
1486 2471 1735 2544 externam
1772 2475 1875 2544 ten-

364 2607 579 2719 dentem,
623 2607 675 2697 in
707 2605 914 2731 ejusdem
948 2602 1040 2696 tela
1074 2603 1292 2698 cellulosa
1324 2629 1596 2733 prosecutus
1625 2639 1733 2702 sum
1761 2609 1870 2700 vitri

363 2765 575 2890 augentis
598 2795 715 2886 ope,
745 2759 980 2883 illumque
1007 2761 1059 2852 in
1086 2782 1264 2886 septem
1299 2759 1540 2854 fasciculos
1568 2761 1661 2856 sive
1689 2784 1872 2864 tractus

362 2917 642 3036 medullares
668 2916 850 3009 albidos
874 2916 1106 3008 observavi
1137 2915 1352 3008 divisum.
1385 2917 1522 3033 Quid
1539 2919 1737 3046 dicam?
1753 2918 1871 3011 -Tela

363 3072 599 3187 cellulosa,
620 3099 742 3197 ¹quae
771 3103 1023 3164 nervorum
1059 3072 1262 3164 stamina
1302 3072 1491 3164 investit
1524 3095 1667 3196 atque
1706 3073 1871 3166 iisdem

363 3229 634 3354 interposita
670 3249 770 3341 est,
796 3227 1072 3319 innumeras
1096 3259 1187 3353 'per
1222 3228 1584 3354 microscopium
1621 3225 1870 3324 fibrillulas

358 3381 567 3475 ostendit
590 3407 793 3474 ⁴nerv'cas.
831 3381 981 3494 Hinc,
999 3383 1328 3507 experimentis
1353 3380 1484 3494 fisus,
1506 3384 1682 3506 absque
1705 3385 1875 3479 erroris

359 3558 492 3630 metu
535 3537 851 3665 pronunciare
885 3567 1076 3661 possum
1101 3566 1113 3626 a
1142 3536 1242 3626 dari
1279 3536 1423 3628 telam
1451 3536 1729 3630 cellulosam
1769 3571 1873 3631 nera

359 3724 509 3804 veum,
535 3693 713 3784 arteriis
741 3691 1056 3816 maximopere
1082 3712 1226 3814 atque
1246 3692 1531 3785 staminibus
1557 3695 1735 3786 nerveis
1758 3695 1874 3820 ipsis

358 3849 587 3961 dicatam,
617 3881 644 3937 a
673 3846 764 3938 telo
800 3844 1018 3937 cellulosa
1055 3846 1301 3937 communi
1337 3847 1610 3940 distinctam
1644 3848 1778 3940 etin
1807 3883 1868 3942 eo

357 4003 655 4128 potissimum
685 4003 937 4115 diversam,
969 3999 1098 4122 quod
1133 3996 1327 4092 fibriilas
1357 4022 1589 4094 monstret
1614 3969 1875 4132 longitudi-

358 4157 508 4271 nales,
533 4180 661 4251 recta
691 4157 985 4271 incedentes,
1017 4154 1280 4248 subtilitate
1315 4187 1414 4247 non
1447 4156 1713 4282 superabili.

367 4377 376 4392 ·
431 4313 489 4430 3),
536 4313 800 4429 Quaesitum
842 4311 1073 4433 denique·
1098 4309 1225 4425 fuit,
1267 4331 1432 4402 utrum
1479 4313 1874 4406 omues-arteriar,

358 4501 466 4560 rum
501 4469 631 4560 nervi
665 4471 717 4558 in
749 4467 912 4558 tunica
942 4467 1201 4600 earundem
1227 4463 1451 4558 ,cellulosa
1477 4490 1774 4578 evanescant;
1801 4501 1869 4570 an

357 4655 462 4714 vcro
488 4625 664 4715 dentur
692 4615 796 4735 alii,
823 4621 938 4744 qui,
965 4653 1070 4712 vasa
1105 4621 1190 4714 ista
1220 4621 1531 4748 perforantes,
1562 4655 1727 4716 earum
1760 4627 1873 4718 sub·

356 4778 539 4870 stantiae
564 4799 658 4870 sese
689 4777 947 4868 insinuent.
1724 4885 1728 4892 ι

363 4995 368 5006 ·
393 5001 398 5006 -
427 5000 460 5039 «-
500 4931 758 5028 Ostensum
777 4931 998 5023 nondum
1017 4953 1103 5046 est,
1124 4930 1287 5053 inquit
1303 4925 1542 5023 Bata-ends
1558 4931 1587 5046 ¹,
1608 4963 1867 5029 nervorum

357 5155 377 5194 .
427 5084 637 5179 surculos
672 5117 831 5180 carnos
869 5085 1147 5177 arteriarum
1182 5085 1422 5176 accessisse.
1451 5095 1470 5134 '
1518 5085 1744 5180 Attamen
1781 5123 1869 5217 ego·

399 5294 406 5322 ¹
433 5292 635 5355 Dissertatio
653 5290 883 5378 inauguralis,
901 5309 970 5370 qua
992 5293 1245 5354 demonstratur
1268 5307 1329 5351 cor
1346 5287 1461 5352 nervis
1484 5307 1617 5375 carere,
1635 5311 1715 5376 pag.
1737 5281 1810 5356 ³1„¹
