5076 6816
1397 695 1492 794 15¹0

682 916 805 1032 rari,
822 935 966 1040 atque
986 919 1299 1046 repraesentari
1321 917 1373 1012 in
1393 917 1554 1012 tabula
1572 915 1719 1042 hujus
1731 936 1964 1009 tractatus
1980 916 2191 1042 septima.

685 1073 796 1164 Pars
826 1071 1034 1198 ejusdem
1063 1075 1275 1199 superior
1310 1074 1460 1165 vivide
1490 1096 1557 1166 est
1591 1073 1756 1180 rubra;
1788 1071 1983 1163 inlerior
2005 1105 2136 1185 vero,
2168 1105 2194 1164 c

685 1259 781 1350 qua
795 1229 913 1320 rami
933 1250 1179 1356 emergunt
1203 1229 1511 1342 mesenterici,
1534 1228 1795 1320 lividiorem
1816 1225 1960 1320 habet
1975 1203 2192 1319 colorem.

684 1382 863 1478 Nervus
904 1383 1240 1510 splanchnicus
1281 1407 1392 1476 ante
1423 1383 1647 1477 suumin
1680 1382 1900 1512 ganglion
1933 1382 2192 1510 ingressum

684 1537 841 1630 multo
870 1539 1009 1632 latior
1040 1540 1161 1633 mihi
1195 1542 1426 1666 apparuit.
1524 1599 1527 1606 -

758 1693 937 1807 Fallor,
967 1717 1055 1786 aut
1076 1695 1369 1823 gangliorum
1403 1696 1500 1787 haec
1532 1729 1634 1787 rara
1665 1692 2006 1805 inflammatio,
2043 1723 2191 1814 quam

686 1869 804 1939 tuuc
835 1851 987 1974 prima
1015 1852 1114 1944 vice
1138 1851 1272 1942 clare
1301 1852 1614 1974 distincteque
1649 1849 1905 1961 observavi,
1941 1847 2192 1939 chronicus

686 2002 779 2096 fuit
816 2002 1008 2098 affectus
1053 2008 1104 2100 in
1145 1999 1237 2099 ista
1276 2008 1480 2119 semina,
1526 2028 1670 2130 atque
1717 2039 1744 2096 a
1788 2003 1926 2132 longa
1968 2002 2191 2126 temporis
2298 2059 2311 2080 ·

685 2191 818 2252 mora
855 2161 1026 2288 vigens,
1070 2162 1250 2254 Annon
1286 2183 1359 2253 tot
1395 2193 1647 2254 nervorum
1684 2157 1912 2271 insultus,
1942 2178 2015 2249 tot
2046 2157 2192 2285 hypo-

686 2314 958 2407 chondriaci
989 2314 1204 2431 affectus,
1233 2337 1306 2409 tot
1335 2314 1627 2445 cephalalgiae
1654 2315 1886 2407 cruciatus
1917 2346 2043 2406 mere
2072 2345 2193 2440 sym·

685 2470 968 2596 ptomatici,
1011 2472 1270 2596 deliriaque
1307 2473 1359 2564 in
1397 2472 1556 2598 primo
1593 2503 1788 2585 somno,
1833 2470 1919 2596 ipsi
1959 2489 2075 2561 sunt
2113 2465 2193 2559 tri-.

684 2625 904 2719 buendil
953 2627 1133 2720 Omnia
1164 2629 1262 2721 baec
1295 2649 1636 2758 symptomata,
1674 2659 1778 2750 quae
1804 2659 1887 2751 per
1920 2647 2070 2717 totam
2099 2623 2193 2713 fere

685 2784 833 2876 vitam
864 2783 914 2903 (a
933 2787 1194 2911 pubertatis
1214 2787 1369 2906 anno)
1390 2787 1714 2913 perstiterunt,
1738 2785 1798 2875 ad
1822 2813 2068 2875 summum
2090 2779 2192 2870 sino

686 2939 835 3031 dubio
860 2943 1234 3035 evecta-luerunt
1257 2942 1514 3035 atrocitatis
1536 2943 1735 3069 gradum
1764 2973 1848 3067 per
1868 2915 2192 3066 graviditatcm

687 3093 948 3208 infelicem,
972 3128 1066 3218 qua
1095 3098 1504 3224 neuripathemata
1526 3099 1702 3189 ventris
1728 3096 2022 3224 augebantur
2048 3113 2193 3214 atquc

685 3251 892 3342 vomitus
912 3254 1261 3378 producebatur
1283 3254 1487 3348 lethalis·
1515 3254 1692 3349 Saltem
1714 3252 1985 3344 convictum
2010 3281 2088 3340 me
2113 3247 2194 3337 ha·

684 3403 803 3520 beo,
827 3405 1052 3500 dolorem..
1071 3409 1131 3500 ad
1161 3409 1437 3502 columnam
1474 3407 1778 3527 vertebralem
1817 3428 2035 3500 urentem
2070 3401 2191 3520 (nisi

686 3562 892 3654 morbus
907 3565 1025 3658 forte
1054 3564 1307 3658 latitaverit
1334 3566 1386 3656 in
1407 3564 1614 3658 medulla
1642 3564 1834 3691 spinali,
1866 3564 1914 3655 id
1938 3562 2066 3686 quod
2094 3591 2193 3652 exa·

686 3718 870 3810 minare
896 3751 997 3811 non
1022 3721 1184 3848 potui)
1208 3721 1269 3812 ab
1294 3719 1675 3813 inflammatione
1698 3718 1993 3848 gangliorum
2024 3715 2196 3842 depexo

688 3871 816 3965 disse.

744 4111 747 4119 .
757 4031 798 4147 §.
817 4062 832 4119 1
848 4037 926 4144 da.
948 4030 1202 4124 Attentum
1222 4059 1300 4124 me
1317 4031 1425 4126 fecit
1438 4031 1536 4124 haec
1554 4033 1811 4126 observatio
1828 4032 1881 4121 in
1897 4027 2192 4158 gangliorum

686 4184 1051 4280 semilunarium
1080 4221 1133 4279 ac
1159 4185 1321 4313 plexus
1343 4187 1504 4281 solaris
1522 4210 1700 4282 statum
1728 4210 1872 4311 atque
1903 4183 2113 4278 indolem
2139 4181 2193 4274 in

688 4341 884 4454 morbis,
899 4343 950 4434 in
968 4343 1143 4468 quibus
1160 4344 1524 4471 neuropathiam
1541 4346 1810 4472 suspicabar
1821 4338 2193 4452 abdominalem,

632 4557 637 4566 ·
687 4516 736 4588 et
775 4497 857 4589 ubi
897 4500 1185 4624 spasmodica
1216 4501 1413 4594 aderant
1445 4524 1786 4630 symptomata,
1826 4523 1931 4592 tum
1963 4493 2192 4606 thoracis,

688 4671 797 4744 tum
823 4655 1053 4784 epigastrii
1082 4656 1250 4748 viscera
1282 4658 1575 4782 occupantia.

761 4809 969 4904 Cadaver
996 4812 1140 4903 incidi
1164 4811 1332 4938 puellae
1357 4845 1432 4906 sex
1454 4844 1717 4928 annorum,
1741 4848 1767 4906 a
1792 4810 1905 4904 tussi
1930 4807 2078 4902 ferina
2101 4803 2195 4930 epi-

688 4963 868 5057 demica
899 4991 1139 5093 correptae,
1168 5001 1273 5092 quae
1302 5002 1386 5095 per
1418 4971 1702 5096 metaptosin
1729 4970 1943 5096 primum
1975 4965 2027 5055 in
2049 4959 2202 5053 vomi.

690 5141 797 5212 tum
825 5125 1194 5248 spasmodicum,
1224 5157 1309 5250 per
1337 5126 1554 5218 triduum
1588 5127 1859 5236 durantem,
1893 5118 2192 5226 mutabatur,

686 5300 921 5404 postremo
941 5311 1047 5374 vero
1068 5281 1119 5373 in
1138 5281 1462 5376 convulsiones
1487 5281 1795 5414 degenerabat
1814 5277 2037 5391 clonicas,
2057 5269 2198 5365 nullo
