5076 6816
893 854 1118 956 uiuunt
1156 881 1345 956 numm.

387 1083 613 1162 Carotidem
640 1096 897 1187 repraesentat
922 1107 943 1157 e
973 1081 1104 1158 canali
1125 1106 1197 1156 tuo
1223 1098 1417 1156 exemtam
1436 1107 1529 1157 cum
1550 1082 1712 1160 ramulis
1731 1085 1845 1162 nervi

971 1205 1258 1312 sympathetici.

408 1369 467 1415 aa.
494 1347 613 1416 Carotis
637 1347 768 1416 interna.
859 1419 864 1430 ,

408 1471 439 1539 b.
462 1468 616 1558 Gaugiion
636 1470 725 1539 nervi
744 1466 956 1559 sympathetici
971 1463 1160 1553 caroticnm,
1183 1464 1351 1552 rubellum,
1375 1463 1567 1558 plexisotme.

408 1617 436 1666 c.
461 1597 539 1662 Tres
555 1592 665 1662 ramuli
684 1615 702 1662 e
722 1590 845 1678 ganglio
864 1592 1063 1660 ascendentes
1079 1592 1119 1658 ad
1137 1614 1270 1660 nervum
1288 1591 1503 1660 obducentem.

404 1715 465 1786 dd.
491 1722 612 1788 Nervus
634 1719 691 1787 iste
710 1717 743 1785 in
761 1718 841 1788 dnos
860 1715 1022 1786 fasciculos
1041 1715 1166 1786 divisus.

407 1865 435 1910 e.
459 1840 636 1912 Fasciculus
652 1841 803 1932 superior.

394 1961 433 2056 f.
458 1963 632 2034 Fasciculus
657 1965 799 2048 inferior,
828 1963 914 2032 sulco
938 1963 1076 2054 aptiori
1103 1978 1269 2056 separatus.
1301 1965 1379 2031 Tres
1400 1985 1418 2031 e
1443 1961 1566 2072 ganpiio
1591 1960 1700 2032 ramuli
1720 1963 1866 2034 fasciculo

506 2076 644 2145 inferiori
665 2099 697 2145 se
716 2077 896 2168 adjungunt.

403 2224 437 2292 g.
464 2198 613 2268 Romulus
632 2222 763 2267 enervo
782 2199 917 2266 Vidiano
935 2197 1092 2290 profundo
1113 2201 1153 2266 ad
1174 2197 1319 2286 ganglion
1337 2199 1496 2268 accedens.

359 2367 366 2388 ,
404 2323 437 2392 h.
462 2323 611 2392 Surculum
632 2346 671 2392 ex
687 2323 745 2392 isto
765 2321 886 2390 ramulo
907 2325 957 2390 ad·
968 2324 1085 2391 tunicas
1108 2323 1239 2391 arteriae.

404 2452 442 2515 ii.
467 2451 539 2516 Duo
558 2446 667 2516 ramuli
686 2471 704 2516 e
722 2445 843 2534 ganglio
860 2448 900 2515 od
918 2447 1071 2515 arteriam.
1179 2447 1182 2454 '

382 2573 437 2639 'lc
462 2575 578 2642 Romus
599 2572 757 2660 eganglio
779 2587 863 2672 retro
886 2571 1030 2640 arteriam
1048 2572 1223 2662 procedens
1243 2571 1283 2639 ad
1302 2569 1392 2640 nervi
1412 2569 1614 2642 intercostalis
1633 2585 1787 2642 truncum.

403 2695 424 2762 t
450 2700 566 2766 Romus
585 2719 603 2766 e
620 2697 743 2783 ganglio
763 2694 939 2789 principalis
955 2719 1050 2788 snper
1074 2695 1217 2765 arteriam
1240 2695 1446 2784 descendens,
1465 2697 1505 2764 ad
1526 2695 1658 2766 litteram
1677 2721 1708 2764 m
1729 2697 1762 2766 in
1783 2698 1863 2769 duos

501 2831 604 2876 ramos
621 2809 719 2876 fissus.
840 2875 842 2880 ,

402 2957 434 3000 u.
458 2931 552 3002 Nervi
572 2929 773 3002 intercostalis
797 2947 933 3000 truncus.

429 3079 522 3138 Noto.
543 3080 657 3138 Omnes
670 3078 703 3134 hi
718 3075 796 3134 rami
812 3075 852 3134 de
868 3074 1019 3135 industrio
1031 3076 1070 3134 ab
1085 3075 1201 3136 ameria
1214 3074 1351 3135 distracti
1366 3075 1452 3135 etsie
1465 3075 1544 3152 picti
1557 3077 1647 3150 adut,
1669 3096 1732 3154 quo
1750 3078 1863 3141 clarius

470 3187 578 3228 eorum
597 3169 769 3227 innotescat
782 3166 979 3226 distributio.
1288 3182 1291 3190 ’
1503 3177 1507 3184 ’

732 3366 736 3372 ’
839 3369 1067 3446 TABULA
1097 3369 1372 3446 SECUNDA.

373 3548 556 3621 Truncus
578 3543 691 3618 nervi
712 3541 976 3618 intercostalis
1000 3568 1093 3616 cum
1115 3540 1215 3615 serie
1241 3541 1532 3644 ganglioruma
1557 3541 1687 3644 primo
1710 3545 1834 3622 cervi·

413 3655 417 3662 ’
500 3656 578 3732 cali
601 3655 653 3730 ad
671 3673 861 3758 quartum
882 3651 1335 3748 thoracioum(inse1ie
1359 3652 1723 3766 comprehensum).

370 3830 451 3907 Hae
462 3807 691 3931 partes'snb
714 3835 961 3930 microscopio
977 3829 1185 3904 delineatae
1205 3845 1298 3904 sunt
1319 3826 1375 3904 bis
1395 3829 1576 3904 volumen
1593 3826 1832 3929 objectorum

1012 3959 1187 4044 augente.

393 4140 425 4185 a.
450 4121 593 4187 Truncus
611 4119 700 4186 nervi
721 4115 921 4186 intercostnlis
946 4116 1078 4186 ecanali
1098 4115 1233 4183 corotico
1252 4135 1421 4198 emergens.

393 4239 424 4307 b.
450 4244 565 4310 Ramna
587 4244 627 4308 ad
646 4255 766 4335 partem
785 4263 961 4331 supremam
978 4237 1109 4308 musculi
1132 4239 1208 4307 recti
1223 4237 1336 4328 capiis-
1347 4237 1437 4306 antici
1449 4236 1591 4330 mnimin

393 4389 420 4432 c.
445 4365 598 4451 Ganglion
620 4363 770 4434 cervicale
798 4387 999 4455 supremum,
1032 4362 1213 4432 vetamus
1227 4362 1294 4431 suis
1310 4362 1464 4432 omnum

393 4487 425 4558 d.
451 4491 535 4558 msa
556 4513 689 4558 nervosa
708 4489 801 4580 primi
821 4513 858 4557 ac
877 4489 1005 4557 secundi
1024 4485 1237 4573 cervicalium,
1257 4510 1274 4555 e
1290 4511 1352 4580 qua
1367 4485 1477 4555 ramuli
1501 4487 1567 4556 duo
1587 4486 1626 4556 ad
1640 4485 1794 4577 gmglion.

391 4636 419 4681 c.
444 4615 560 4682 Romus
580 4614 808 4682 communicans
826 4613 962 4682 anterior
978 4613 1106 4682 secundi
1127 4610 1323 4681 cervicalium
1341 4613 1381 4680 ad
1398 4611 1531 4680 tertiam.

381 4734 418 4830 f.
444 4740 560 4807 Ramns
580 4738 693 4825 ganglii
715 4739 955 4810 mastonoticus
970 4740 1012 4808 nd
1030 4738 1154 4828 tertium
1169 4760 1302 4806 nervum
1318 4734 1511 4806 comedam
1650 4745 1658 4760 “

389 4886 455 4954 gg.
478 4863 571 4932 Nervi
589 4861 709 4932 molles.
1057 4875 1060 4882 ’

389 4984 422 5053 h.
446 4989 566 5056 Nervus
582 4989 740 5058 cardiacus
760 4985 967 5081 superficialis.

389 5113 409 5174 ἰ.
436 5113 578 5180 Truncus
593 5114 681 5180 nervi
700 5113 911 5205 sympathetici
929 5137 946 5181 e
963 5109 1088 5200 ganglia
1109 5133 1278 5198 emergens

389 5233 423 5300 lc.
449 5233 603 5324 Gauglion
626 5236 776 5308 cervicale
794 5239 929 5308 medium
946 5239 978 5306 in
996 5236 1133 5308 taeniolos
1150 5262 1205 5309 sen
1221 5234 1382 5308 fascicuioo
1402 5233 1594 5306 dissolutum.
