<?xml version="1.0" encoding="UTF-8"?>
<!DOCTYPE html PUBLIC "-//W3C//DTD XHTML 1.0 Transitional//EN"
    "http://www.w3.org/TR/xhtml1/DTD/xhtml1-transitional.dtd">
<html xmlns="http://www.w3.org/1999/xhtml" xml:lang="en" lang="en">
 <head>
  <title>
</title>
<meta http-equiv="Content-Type" content="text/html;charset=utf-8" />
  <meta name='ocr-system' content='tesseract 3.04.00' />
  <meta name='ocr-capabilities' content='ocr_page ocr_carea ocr_par ocr_line ocrx_word'/>
</head>
<body>
  <div class='ocr_page' id='page_1' title='image "./denervisympathe00lobsgoog_0056.png"; bbox 0 0 5080 6812; ppageno 0'>
   <div class='ocr_carea' id='block_1_1' title="bbox 1078 671 1178 793">
    <p class='ocr_par' dir='ltr' id='par_1_1' title="bbox 1078 671 1178 793">
     <span class='ocr_line' id='line_1_1' title="bbox 1078 671 1178 793; baseline 0 -51"><span class='ocrx_word' id='word_1_1' title='bbox 1078 671 1178 793; x_wconf 69' lang='lat'><strong>,39</strong></span> 
     </span>
    </p>
   </div>
   <div class='ocr_carea' id='block_1_2' title="bbox 378 876 1942 4610">
    <p class='ocr_par' dir='ltr' id='par_1_2' title="bbox 385 876 1894 1172">
     <span class='ocr_line' id='line_1_2' title="bbox 387 876 1894 999; baseline 0 -18"><span class='ocrx_word' id='word_1_2' title='bbox 387 876 539 982; x_wconf 85' lang='lat' dir='ltr'><strong>habeo</strong></span> <span class='ocrx_word' id='word_1_3' title='bbox 554 883 909 982; x_wconf 82' lang='lat' dir='ltr'><strong>solertissimum</strong></span> <span class='ocrx_word' id='word_1_4' title='bbox 926 876 1105 980; x_wconf 85' lang='lat' dir='ltr'><strong>Weber</strong></span> <span class='ocrx_word' id='word_1_5' title='bbox 1115 881 1141 999; x_wconf 86' lang='lat'><strong>¹,</strong></span> <span class='ocrx_word' id='word_1_6' title='bbox 1157 883 1234 980; x_wconf 93' lang='lat' dir='ltr'><strong>cui</strong></span> <span class='ocrx_word' id='word_1_7' title='bbox 1254 880 1512 982; x_wconf 82' lang='lat' dir='ltr'><strong>observatio</strong></span> <span class='ocrx_word' id='word_1_8' title='bbox 1530 881 1612 982; x_wconf 83' lang='lat' dir='ltr'><strong>illa</strong></span> <span class='ocrx_word' id='word_1_9' title='bbox 1630 883 1894 988; x_wconf 76' lang='lat' dir='ltr'><strong>admodum</strong></span> 
     </span>
     <span class='ocr_line' id='line_1_3' title="bbox 385 1041 1387 1172; baseline -0.018 -30"><span class='ocrx_word' id='word_1_10' title='bbox 385 1065 596 1172; x_wconf 85' lang='lat' dir='ltr'><strong>suspecta</strong></span> <span class='ocrx_word' id='word_1_11' title='bbox 629 1041 826 1137; x_wconf 81' lang='lat' dir='ltr'><strong>ridetur.</strong></span> <span class='ocrx_word' id='word_1_12' title='bbox 1384 1151 1387 1156; x_wconf 67' lang='lat'><em>,</em></span> 
     </span>
    </p>

    <p class='ocr_par' dir='ltr' id='par_1_3' title="bbox 383 1197 1931 2858">
     <span class='ocr_line' id='line_1_4' title="bbox 461 1197 1893 1328; baseline -0.001 -35"><span class='ocrx_word' id='word_1_13' title='bbox 461 1202 518 1294; x_wconf 89' lang='lat' dir='ltr'><strong>ln</strong></span> <span class='ocrx_word' id='word_1_14' title='bbox 550 1197 796 1293; x_wconf 79' lang='lat' dir='ltr'><strong>intervallo</strong></span> <span class='ocrx_word' id='word_1_15' title='bbox 831 1217 1065 1292; x_wconf 88' lang='lat' dir='ltr'><strong>costarum</strong></span> <span class='ocrx_word' id='word_1_16' title='bbox 1092 1197 1298 1314; x_wconf 89' lang='lat' dir='ltr'><strong>decimo,</strong></span> <span class='ocrx_word' id='word_1_17' title='bbox 1327 1229 1497 1294; x_wconf 84' lang='lat' dir='ltr'><strong>nervus</strong></span> <span class='ocrx_word' id='word_1_18' title='bbox 1524 1198 1893 1328; x_wconf 76' lang='lat' dir='ltr'><strong>sympatheticus</strong></span> 
     </span>
     <span class='ocr_line' id='line_1_5' title="bbox 387 1349 1892 1480; baseline -0.001 -29"><span class='ocrx_word' id='word_1_19' title='bbox 387 1357 529 1451; x_wconf 87' lang='lat' dir='ltr'><strong>etiam</strong></span> <span class='ocrx_word' id='word_1_20' title='bbox 553 1355 796 1452; x_wconf 88' lang='lat' dir='ltr'><strong>interdum</strong></span> <span class='ocrx_word' id='word_1_21' title='bbox 818 1349 966 1448; x_wconf 90' lang='lat' dir='ltr'><strong>finem</strong></span> <span class='ocrx_word' id='word_1_22' title='bbox 986 1353 1200 1448; x_wconf 91' lang='lat' dir='ltr'><strong>obtinere</strong></span> <span class='ocrx_word' id='word_1_23' title='bbox 1214 1355 1431 1450; x_wconf 79' lang='lat' dir='ltr'><strong>ridetur:</strong></span> <span class='ocrx_word' id='word_1_24' title='bbox 1453 1354 1688 1480; x_wconf 87' lang='lat' dir='ltr'><strong>siquidem</strong></span> <span class='ocrx_word' id='word_1_25' title='bbox 1710 1354 1892 1449; x_wconf 88' lang='lat' dir='ltr'><strong>nuliius</strong></span> 
     </span>
     <span class='ocr_line' id='line_1_6' title="bbox 386 1507 1931 1646; baseline -0.001 -41"><span class='ocrx_word' id='word_1_26' title='bbox 386 1512 545 1607; x_wconf 87' lang='lat' dir='ltr'><strong>trunci</strong></span> <span class='ocrx_word' id='word_1_27' title='bbox 577 1510 899 1626; x_wconf 83' lang='lat' dir='ltr'>continuatio,</span> <span class='ocrx_word' id='word_1_28' title='bbox 924 1509 1085 1646; x_wconf 87' lang='lat' dir='ltr'><strong>prouti</strong></span> <span class='ocrx_word' id='word_1_29' title='bbox 1118 1507 1232 1606; x_wconf 87' lang='lat' dir='ltr'><strong>alias</strong></span> <span class='ocrx_word' id='word_1_30' title='bbox 1258 1533 1578 1627; x_wconf 84' lang='lat' dir='ltr'><strong>consueverat,</strong></span> <span class='ocrx_word' id='word_1_31' title='bbox 1606 1544 1747 1640; x_wconf 88' lang='lat' dir='ltr'><strong>super</strong></span> <span class='ocrx_word' id='word_1_32' title='bbox 1772 1511 1893 1639; x_wconf 74' lang='lat' dir='ltr'><strong>capi-</strong></span> <span class='ocrx_word' id='word_1_33' title='bbox 1928 1522 1931 1528; x_wconf 70' lang='lat'>‘</span> 
     </span>
     <span class='ocr_line' id='line_1_7' title="bbox 385 1666 1893 1796; baseline -0.001 -34"><span class='ocrx_word' id='word_1_34' title='bbox 385 1667 548 1762; x_wconf 87' lang='lat' dir='ltr'><strong>tulum</strong></span> <span class='ocrx_word' id='word_1_35' title='bbox 587 1690 720 1760; x_wconf 88' lang='lat' dir='ltr'><strong>costae</strong></span> <span class='ocrx_word' id='word_1_36' title='bbox 752 1666 1027 1763; x_wconf 74' lang='lat' dir='ltr'><strong>undecimae.</strong></span> <span class='ocrx_word' id='word_1_37' title='bbox 1043 1666 1193 1796; x_wconf 85' lang='lat' dir='ltr'><strong>pergit</strong></span> <span class='ocrx_word' id='word_1_38' title='bbox 1224 1668 1284 1762; x_wconf 89' lang='lat' dir='ltr'><strong>ad</strong></span> <span class='ocrx_word' id='word_1_39' title='bbox 1314 1668 1657 1762; x_wconf 87' lang='lat' dir='ltr'><strong>duodecimam.</strong></span> <span class='ocrx_word' id='word_1_40' title='bbox 1697 1667 1893 1795; x_wconf 76' lang='lat' dir='ltr'><strong>ssd-pe-</strong></span> 
     </span>
     <span class='ocr_line' id='line_1_8' title="bbox 386 1807 1891 1952; baseline 0 -36"><span class='ocrx_word' id='word_1_41' title='bbox 386 1825 558 1918; x_wconf 89' lang='lat' dir='ltr'><strong>nitiore</strong></span> <span class='ocrx_word' id='word_1_42' title='bbox 574 1824 788 1918; x_wconf 83' lang='lat' dir='ltr'><strong>examine</strong></span> <span class='ocrx_word' id='word_1_43' title='bbox 805 1823 1044 1939; x_wconf 89' lang='lat' dir='ltr'><strong>instituto,</strong></span> <span class='ocrx_word' id='word_1_44' title='bbox 1063 1807 1398 1952; x_wconf 87' lang='lat' dir='ltr'><strong>comperimur,</strong></span> <span class='ocrx_word' id='word_1_45' title='bbox 1420 1825 1567 1919; x_wconf 92' lang='lat' dir='ltr'><strong>istum</strong></span> <span class='ocrx_word' id='word_1_46' title='bbox 1583 1823 1891 1916; x_wconf 86' lang='lat' dir='ltr'><strong>directionem</strong></span> 
     </span>
     <span class='ocr_line' id='line_1_9' title="bbox 383 1975 1891 2108; baseline -0.001 -34"><span class='ocrx_word' id='word_1_47' title='bbox 383 2011 521 2074; x_wconf 90' lang='lat' dir='ltr'><strong>suam</strong></span> <span class='ocrx_word' id='word_1_48' title='bbox 548 1980 854 2096; x_wconf 83' lang='lat' dir='ltr'><strong>itamutare,</strong></span> <span class='ocrx_word' id='word_1_49' title='bbox 887 2001 943 2074; x_wconf 94' lang='lat' dir='ltr'><strong>ut</strong></span> <span class='ocrx_word' id='word_1_50' title='bbox 973 1975 1140 2074; x_wconf 85' lang='lat' dir='ltr'><strong>infima</strong></span> <span class='ocrx_word' id='word_1_51' title='bbox 1170 1979 1301 2074; x_wconf 84' lang='lat' dir='ltr'><strong>radix</strong></span> <span class='ocrx_word' id='word_1_52' title='bbox 1330 1980 1459 2074; x_wconf 84' lang='lat' dir='ltr'><strong>nervi</strong></span> <span class='ocrx_word' id='word_1_53' title='bbox 1490 1979 1806 2108; x_wconf 87' lang='lat' dir='ltr'><strong>splanchnici,</strong></span> <span class='ocrx_word' id='word_1_54' title='bbox 1838 1979 1891 2072; x_wconf 92' lang='lat' dir='ltr'><strong>in</strong></span> 
     </span>
     <span class='ocr_line' id='line_1_10' title="bbox 386 2134 1892 2264; baseline 0 -36"><span class='ocrx_word' id='word_1_55' title='bbox 386 2140 577 2264; x_wconf 85' lang='lat' dir='ltr'><strong>corpore</strong></span> <span class='ocrx_word' id='word_1_56' title='bbox 606 2134 867 2256; x_wconf 80' lang='lat' dir='ltr'><strong>undecimae</strong></span> <span class='ocrx_word' id='word_1_57' title='bbox 889 2135 1108 2230; x_wconf 81' lang='lat' dir='ltr'><strong>vertebrae</strong></span> <span class='ocrx_word' id='word_1_58' title='bbox 1131 2137 1485 2262; x_wconf 88' lang='lat' dir='ltr'><strong>quodammodo</strong></span> <span class='ocrx_word' id='word_1_59' title='bbox 1517 2135 1759 2251; x_wconf 85' lang='lat' dir='ltr'><strong>latescens,</strong></span> <span class='ocrx_word' id='word_1_60' title='bbox 1785 2167 1892 2233; x_wconf 83' lang='lat' dir='ltr'><strong>vera</strong></span> 
     </span>
     <span class='ocr_line' id='line_1_11' title="bbox 384 2290 1893 2421; baseline -0.001 -37"><span class='ocrx_word' id='word_1_61' title='bbox 384 2291 446 2386; x_wconf 87' lang='lat' dir='ltr'><strong>sit</strong></span> <span class='ocrx_word' id='word_1_62' title='bbox 484 2291 784 2387; x_wconf 86' lang='lat' dir='ltr'><strong>continuatio</strong></span> <span class='ocrx_word' id='word_1_63' title='bbox 813 2292 1002 2408; x_wconf 88' lang='lat' dir='ltr'><strong>trunci,</strong></span> <span class='ocrx_word' id='word_1_64' title='bbox 1044 2325 1155 2386; x_wconf 89' lang='lat' dir='ltr'><strong>cum</strong></span> <span class='ocrx_word' id='word_1_65' title='bbox 1193 2293 1365 2421; x_wconf 82' lang='lat' dir='ltr'><strong>insigni</strong></span> <span class='ocrx_word' id='word_1_66' title='bbox 1400 2325 1532 2386; x_wconf 91' lang='lat' dir='ltr'><strong>ramo</strong></span> <span class='ocrx_word' id='word_1_67' title='bbox 1570 2326 1596 2386; x_wconf 93' lang='lat' dir='ltr'><strong>e</strong></span> <span class='ocrx_word' id='word_1_68' title='bbox 1632 2323 1775 2386; x_wconf 84' lang='lat' dir='ltr'><strong>nervo</strong></span> <span class='ocrx_word' id='word_1_69' title='bbox 1803 2290 1893 2418; x_wconf 88' lang='lat' dir='ltr'><strong>spi-</strong></span> 
     </span>
     <span class='ocr_line' id='line_1_12' title="bbox 386 2447 1889 2566; baseline 0.001 -27"><span class='ocrx_word' id='word_1_70' title='bbox 386 2447 484 2539; x_wconf 89' lang='lat' dir='ltr'><strong>nali</strong></span> <span class='ocrx_word' id='word_1_71' title='bbox 512 2449 636 2542; x_wconf 88' lang='lat' dir='ltr'><strong>inter</strong></span> <span class='ocrx_word' id='word_1_72' title='bbox 657 2470 833 2540; x_wconf 84' lang='lat' dir='ltr'><strong>costam</strong></span> <span class='ocrx_word' id='word_1_73' title='bbox 853 2447 1157 2542; x_wconf 86' lang='lat' dir='ltr'><strong>undecimam</strong></span> <span class='ocrx_word' id='word_1_74' title='bbox 1176 2467 1225 2542; x_wconf 88' lang='lat' dir='ltr'><strong>ct</strong></span> <span class='ocrx_word' id='word_1_75' title='bbox 1245 2447 1576 2566; x_wconf 85' lang='lat' dir='ltr'><strong>duodecimam</strong></span> <span class='ocrx_word' id='word_1_76' title='bbox 1596 2447 1889 2560; x_wconf 84' lang='lat' dir='ltr'><strong>decurrente,</strong></span> 
     </span>
     <span class='ocr_line' id='line_1_13' title="bbox 384 2601 1892 2733; baseline 0.002 -40"><span class='ocrx_word' id='word_1_77' title='bbox 384 2601 653 2720; x_wconf 87' lang='lat' dir='ltr'><strong>confluens,</strong></span> <span class='ocrx_word' id='word_1_78' title='bbox 690 2637 744 2696; x_wconf 92' lang='lat' dir='ltr'><strong>ac</strong></span> <span class='ocrx_word' id='word_1_79' title='bbox 776 2626 962 2731; x_wconf 86' lang='lat' dir='ltr'><strong>postea,</strong></span> <span class='ocrx_word' id='word_1_80' title='bbox 1005 2603 1173 2699; x_wconf 90' lang='lat' dir='ltr'><strong>itinere</strong></span> <span class='ocrx_word' id='word_1_81' title='bbox 1213 2604 1446 2731; x_wconf 87' lang='lat' dir='ltr'><strong>incoepto,</strong></span> <span class='ocrx_word' id='word_1_82' title='bbox 1488 2634 1680 2733; x_wconf 83' lang='lat' dir='ltr'><strong>pergens</strong></span> <span class='ocrx_word' id='word_1_83' title='bbox 1718 2604 1779 2697; x_wconf 86' lang='lat' dir='ltr'><strong>ad</strong></span> <span class='ocrx_word' id='word_1_84' title='bbox 1814 2602 1892 2700; x_wconf 67' lang='lat' dir='ltr'><strong>ab</strong></span> 
     </span>
     <span class='ocr_line' id='line_1_14' title="bbox 385 2758 571 2858; baseline -0.032 0"><span class='ocrx_word' id='word_1_85' title='bbox 385 2758 571 2858; x_wconf 86' lang='lat' dir='ltr'><strong>domen.</strong></span> 
     </span>
    </p>

    <p class='ocr_par' dir='ltr' id='par_1_4' title="bbox 382 2912 1892 3330">
     <span class='ocr_line' id='line_1_15' title="bbox 455 2912 1891 3041; baseline -0.002 -31"><span class='ocrx_word' id='word_1_86' title='bbox 455 2914 797 3011; x_wconf 88' lang='lat' dir='ltr'><strong>Celeberrimus</strong></span> <span class='ocrx_word' id='word_1_87' title='bbox 823 2912 1003 3012; x_wconf 86' lang='lat' dir='ltr'><strong>Portal</strong></span> <span class='ocrx_word' id='word_1_88' title='bbox 1011 2913 1027 2950; x_wconf 83' lang='lat'>²</span> <span class='ocrx_word' id='word_1_89' title='bbox 1051 2915 1273 3041; x_wconf 88' lang='lat' dir='ltr'><strong>equidem</strong></span> <span class='ocrx_word' id='word_1_90' title='bbox 1303 2915 1527 3031; x_wconf 85' lang='lat' dir='ltr'><strong>affirmat,</strong></span> <span class='ocrx_word' id='word_1_91' title='bbox 1557 2947 1604 3008; x_wconf 88' lang='lat' dir='ltr'><strong>sc</strong></span> <span class='ocrx_word' id='word_1_92' title='bbox 1635 2943 1891 3040; x_wconf 82' lang='lat' dir='ltr'><strong>nunquam</strong></span> 
     </span>
     <span class='ocr_line' id='line_1_16' title="bbox 384 3071 1892 3204; baseline -0.001 -40"><span class='ocrx_word' id='word_1_93' title='bbox 384 3101 583 3165; x_wconf 86' lang='lat' dir='ltr'><strong>nervum</strong></span> <span class='ocrx_word' id='word_1_94' title='bbox 610 3072 1009 3204; x_wconf 82' lang='lat' dir='ltr'><strong>sympatheticum</strong></span> <span class='ocrx_word' id='word_1_95' title='bbox 1034 3073 1199 3168; x_wconf 81' lang='lat' dir='ltr'><strong>vidisse</strong></span> <span class='ocrx_word' id='word_1_96' title='bbox 1226 3071 1552 3199; x_wconf 88' lang='lat' dir='ltr'><strong>interruptum</strong></span> <span class='ocrx_word' id='word_1_97' title='bbox 1577 3071 1629 3165; x_wconf 89' lang='lat' dir='ltr'><strong>in</strong></span> <span class='ocrx_word' id='word_1_98' title='bbox 1650 3093 1785 3200; x_wconf 79' lang='lat' dir='ltr'><strong>parte</strong></span> <span class='ocrx_word' id='word_1_99' title='bbox 1806 3103 1892 3165; x_wconf 88' lang='lat' dir='ltr'><strong>sua</strong></span> 
     </span>
     <span class='ocr_line' id='line_1_17' title="bbox 382 3225 1574 3330; baseline 0.004 -8"><span class='ocrx_word' id='word_1_100' title='bbox 382 3225 632 3324; x_wconf 88' lang='lat' dir='ltr'><strong>thoracica.</strong></span> <span class='ocrx_word' id='word_1_101' title='bbox 1253 3321 1257 3330; x_wconf 75' lang='grc'>,</span> <span class='ocrx_word' id='word_1_102' title='bbox 1571 3321 1574 3327; x_wconf 88' lang='grc'><em>.</em></span> 
     </span>
    </p>

    <p class='ocr_par' dir='ltr' id='par_1_5' title="bbox 378 3379 1890 3947">
     <span class='ocr_line' id='line_1_18' title="bbox 453 3379 1890 3514; baseline -0.001 -36"><span class='ocrx_word' id='word_1_103' title='bbox 453 3390 495 3505; x_wconf 53' lang='lat'><strong>5.</strong></span> <span class='ocrx_word' id='word_1_104' title='bbox 521 3379 600 3478; x_wconf 80' lang='lat'><strong>52.</strong></span> <span class='ocrx_word' id='word_1_105' title='bbox 637 3385 712 3480; x_wconf 79' lang='lat' dir='ltr'><strong>Ad</strong></span> <span class='ocrx_word' id='word_1_106' title='bbox 741 3386 914 3479; x_wconf 88' lang='lat' dir='ltr'><strong>rariora</strong></span> <span class='ocrx_word' id='word_1_107' title='bbox 936 3419 1076 3514; x_wconf 85' lang='lat' dir='ltr'><strong>porro</strong></span> <span class='ocrx_word' id='word_1_108' title='bbox 1105 3385 1262 3480; x_wconf 86' lang='lat' dir='ltr'><strong>referri</strong></span> <span class='ocrx_word' id='word_1_109' title='bbox 1293 3385 1433 3479; x_wconf 89' lang='lat' dir='ltr'><strong>debet</strong></span> <span class='ocrx_word' id='word_1_110' title='bbox 1458 3414 1627 3478; x_wconf 85' lang='lat' dir='ltr'><strong>nervus</strong></span> <span class='ocrx_word' id='word_1_111' title='bbox 1647 3382 1890 3478; x_wconf 87' lang='lat' dir='ltr'><strong>sic-dictus</strong></span> 
     </span>
     <span class='ocr_line' id='line_1_19' title="bbox 378 3523 1890 3672; baseline -0.001 -39"><span class='ocrx_word' id='word_1_112' title='bbox 378 3535 712 3672; x_wconf 74' lang='lat' dir='ltr'><strong>splenclmicus</strong></span> <span class='ocrx_word' id='word_1_113' title='bbox 735 3544 977 3672; x_wconf 82' lang='lat' dir='ltr'><strong>superior,</strong></span> <span class='ocrx_word' id='word_1_114' title='bbox 1012 3572 1157 3665; x_wconf 90' lang='lat' dir='ltr'><strong>quem</strong></span> <span class='ocrx_word' id='word_1_115' title='bbox 1195 3539 1275 3636; x_wconf 89' lang='lat' dir='ltr'><em>W</em></span> <span class='ocrx_word' id='word_1_116' title='bbox 1264 3523 1552 3668; x_wconf 78' lang='lat' dir='ltr'><strong>risbergius³</strong></span> <span class='ocrx_word' id='word_1_117' title='bbox 1587 3541 1638 3632; x_wconf 94' lang='lat' dir='ltr'><strong>in</strong></span> <span class='ocrx_word' id='word_1_118' title='bbox 1678 3562 1783 3634; x_wconf 90' lang='lat' dir='ltr'><strong>octo</strong></span> <span class='ocrx_word' id='word_1_119' title='bbox 1816 3571 1890 3632; x_wconf 88' lang='lat' dir='ltr'><strong>ca·</strong></span> 
     </span>
     <span class='ocr_line' id='line_1_20' title="bbox 381 3695 1886 3828; baseline -0.001 -39"><span class='ocrx_word' id='word_1_120' title='bbox 381 3696 626 3791; x_wconf 83' lang='lat' dir='ltr'><strong>daveribus</strong></span> <span class='ocrx_word' id='word_1_121' title='bbox 664 3699 860 3825; x_wconf 88' lang='lat' dir='ltr'><strong>reperit,</strong></span> <span class='ocrx_word' id='word_1_122' title='bbox 893 3697 1108 3792; x_wconf 88' lang='lat' dir='ltr'><strong>altiorem</strong></span> <span class='ocrx_word' id='word_1_123' title='bbox 1144 3695 1316 3828; x_wconf 83' lang='lat' dir='ltr'><strong>ganglii</strong></span> <span class='ocrx_word' id='word_1_124' title='bbox 1350 3696 1648 3791; x_wconf 86' lang='lat' dir='ltr'><strong>semilunaris</strong></span> <span class='ocrx_word' id='word_1_125' title='bbox 1683 3697 1886 3788; x_wconf 86' lang='lat' dir='ltr'><strong>radicem</strong></span> 
     </span>
     <span class='ocr_line' id='line_1_21' title="bbox 380 3854 760 3947; baseline 0.003 -3"><span class='ocrx_word' id='word_1_126' title='bbox 380 3854 760 3947; x_wconf 84' lang='lat' dir='ltr'><strong>constituentem.</strong></span> 
     </span>
    </p>

    <p class='ocr_par' dir='ltr' id='par_1_6' title="bbox 378 4006 1942 4610">
     <span class='ocr_line' id='line_1_22' title="bbox 451 4006 1885 4140; baseline -0.003 -37"><span class='ocrx_word' id='word_1_127' title='bbox 451 4011 771 4104; x_wconf 87' lang='lat' dir='ltr'><strong>Enascebatur</strong></span> <span class='ocrx_word' id='word_1_128' title='bbox 801 4011 886 4102; x_wconf 91' lang='lat' dir='ltr'><strong>iste</strong></span> <span class='ocrx_word' id='word_1_129' title='bbox 914 4007 1160 4140; x_wconf 80' lang='lat' dir='ltr'><strong>funiculus</strong></span> <span class='ocrx_word' id='word_1_130' title='bbox 1194 4040 1389 4105; x_wconf 80' lang='lat' dir='ltr'><strong>nerteus</strong></span> <span class='ocrx_word' id='word_1_131' title='bbox 1418 4042 1445 4102; x_wconf 89' lang='lat' dir='ltr'><strong>e</strong></span> <span class='ocrx_word' id='word_1_132' title='bbox 1473 4006 1615 4137; x_wconf 84' lang='lat' dir='ltr'><strong>plexu</strong></span> <span class='ocrx_word' id='word_1_133' title='bbox 1654 4006 1885 4120; x_wconf 83' lang='lat' dir='ltr'><strong>cardiaco,</strong></span> 
     </span>
     <span class='ocr_line' id='line_1_23' title="bbox 380 4143 1942 4296; baseline -0.005 -35"><span class='ocrx_word' id='word_1_134' title='bbox 380 4167 533 4261; x_wconf 87' lang='lat' dir='ltr'><strong>tribus</strong></span> <span class='ocrx_word' id='word_1_135' title='bbox 566 4189 824 4296; x_wconf 83' lang='lat' dir='ltr'><strong>quatuorve</strong></span> <span class='ocrx_word' id='word_1_136' title='bbox 857 4166 1090 4296; x_wconf 85' lang='lat' dir='ltr'><strong>surculis:</strong></span> <span class='ocrx_word' id='word_1_137' title='bbox 1116 4143 1231 4284; x_wconf 85' lang='lat' dir='ltr'><strong>cum¹</strong></span> <span class='ocrx_word' id='word_1_138' title='bbox 1263 4164 1508 4294; x_wconf 85' lang='lat' dir='ltr'><strong>oesophago</strong></span> <span class='ocrx_word' id='word_1_139' title='bbox 1542 4163 1782 4258; x_wconf 89' lang='lat' dir='ltr'><strong>thoracem</strong></span> <span class='ocrx_word' id='word_1_140' title='bbox 1817 4164 1888 4254; x_wconf 92' lang='lat' dir='ltr'><strong>in·</strong></span> <span class='ocrx_word' id='word_1_141' title='bbox 1931 4236 1942 4254; x_wconf 82' lang='lat'><em>.</em></span> 
     </span>
     <span class='ocr_line' id='line_1_24' title="bbox 378 4297 1885 4453; baseline -0.003 -38"><span class='ocrx_word' id='word_1_142' title='bbox 378 4323 701 4453; x_wconf 81' lang='lat' dir='ltr'><strong>grediebatur;</strong></span> <span class='ocrx_word' id='word_1_143' title='bbox 758 4297 1001 4417; x_wconf 86' lang='lat' dir='ltr'><strong>elatiorem</strong></span> <span class='ocrx_word' id='word_1_144' title='bbox 1044 4353 1297 4450; x_wconf 90' lang='lat' dir='ltr'><strong>corporum</strong></span> <span class='ocrx_word' id='word_1_145' title='bbox 1333 4321 1654 4418; x_wconf 86' lang='lat' dir='ltr'><strong>vertebrarum</strong></span> <span class='ocrx_word' id='word_1_146' title='bbox 1701 4340 1885 4446; x_wconf 90' lang='lat' dir='ltr'><strong>partem</strong></span> 
     </span>
     <span class='ocr_line' id='line_1_25' title="bbox 380 4475 1885 4610; baseline -0.004 -36"><span class='ocrx_word' id='word_1_147' title='bbox 380 4479 599 4592; x_wconf 89' lang='lat' dir='ltr'><strong>tenebat,</strong></span> <span class='ocrx_word' id='word_1_148' title='bbox 642 4480 887 4610; x_wconf 82' lang='lat' dir='ltr'><strong>oesophago</strong></span> <span class='ocrx_word' id='word_1_149' title='bbox 936 4511 1053 4607; x_wconf 84' lang='lat' dir='ltr'><strong>saepe</strong></span> <span class='ocrx_word' id='word_1_150' title='bbox 1077 4475 1342 4574; x_wconf 65' lang='lat' dir='ltr'><strong>,ramulum</strong></span> <span class='ocrx_word' id='word_1_151' title='bbox 1383 4477 1690 4604; x_wconf 86' lang='lat' dir='ltr'><strong>impertiens,</strong></span> <span class='ocrx_word' id='word_1_152' title='bbox 1735 4475 1885 4570; x_wconf 86' lang='lat' dir='ltr'><strong>donec</strong></span> 
     </span>
    </p>
   </div>
   <div class='ocr_carea' id='block_1_3' title="bbox 377 4829 1888 5383">
    <p class='ocr_par' dir='ltr' id='par_1_7' title="bbox 427 4829 1749 4924">
     <span class='ocr_line' id='line_1_26' title="bbox 427 4829 1749 4924; baseline -0.006 -22"><span class='ocrx_word' id='word_1_153' title='bbox 427 4837 506 4922; x_wconf 46' lang='lat' dir='ltr'><strong>PE.</strong></span> <span class='ocrx_word' id='word_1_154' title='bbox 518 4836 569 4902; x_wconf 82' lang='grc' dir='ltr'><strong>Η.</strong></span> <span class='ocrx_word' id='word_1_155' title='bbox 584 4837 730 4912; x_wconf 80' lang='lat' dir='ltr'><strong>Weber,</strong></span> <span class='ocrx_word' id='word_1_156' title='bbox 747 4839 843 4902; x_wconf 81' lang='lat' dir='ltr'><strong>Anat.</strong></span> <span class='ocrx_word' id='word_1_157' title='bbox 865 4857 1015 4924; x_wconf 81' lang='lat' dir='ltr'><strong>compar.</strong></span> <span class='ocrx_word' id='word_1_158' title='bbox 1035 4833 1135 4902; x_wconf 83' lang='lat' dir='ltr'><strong>uerri</strong></span> <span class='ocrx_word' id='word_1_159' title='bbox 1155 4835 1326 4921; x_wconf 81' lang='lat' dir='ltr'><strong>sympath.</strong></span> <span class='ocrx_word' id='word_1_160' title='bbox 1354 4829 1650 4918; x_wconf 79' lang='lat' dir='ltr'><strong>lips.‚.1817,p.</strong></span> <span class='ocrx_word' id='word_1_161' title='bbox 1675 4849 1749 4896; x_wconf 78' lang='lat' dir='ltr'><strong>rm.</strong></span> 
     </span>
    </p>

    <p class='ocr_par' dir='ltr' id='par_1_8' title="bbox 377 4931 1888 5383">
     <span class='ocr_line' id='line_1_27' title="bbox 404 4931 1888 5042; baseline -0.005 -26"><span class='ocrx_word' id='word_1_162' title='bbox 404 4931 437 4982; x_wconf 43' lang='lat'><strong>&#39;⁸</strong></span> <span class='ocrx_word' id='word_1_163' title='bbox 458 4947 686 5036; x_wconf 75' lang='lat' dir='ltr'><strong>Description</strong></span> <span class='ocrx_word' id='word_1_164' title='bbox 709 4953 759 5017; x_wconf 83' lang='lat' dir='ltr'><strong>du</strong></span> <span class='ocrx_word' id='word_1_165' title='bbox 783 4947 875 5042; x_wconf 81' lang='lat' dir='ltr'><strong>ners</strong></span> <span class='ocrx_word' id='word_1_166' title='bbox 887 4949 1097 5019; x_wconf 74' lang='lat' dir='ltr'><strong>inter-corta!</strong></span> <span class='ocrx_word' id='word_1_167' title='bbox 1120 4953 1210 5016; x_wconf 80' lang='lat' dir='ltr'><strong>dans</strong></span> <span class='ocrx_word' id='word_1_168' title='bbox 1229 4951 1419 5017; x_wconf 79' lang='lat' dir='ltr'><strong>l&#39;homme:</strong></span> <span class='ocrx_word' id='word_1_169' title='bbox 1436 4945 1627 5016; x_wconf 66' lang='lat' dir='ltr'><strong>Memoirea</strong></span> <span class='ocrx_word' id='word_1_170' title='bbox 1649 4947 1692 5012; x_wconf 84' lang='lat' dir='ltr'><strong>de</strong></span> <span class='ocrx_word' id='word_1_171' title='bbox 1711 4939 1888 5036; x_wconf 72' lang='lat' dir='ltr'><strong>I&#39;Jmtr&#39;tut</strong></span> 
     </span>
     <span class='ocr_line' id='line_1_28' title="bbox 377 5049 1652 5151; baseline 0.005 -23"><span class='ocrx_word' id='word_1_172' title='bbox 377 5061 553 5131; x_wconf 69' lang='lat' dir='ltr'><strong>rational.</strong></span> <span class='ocrx_word' id='word_1_173' title='bbox 576 5063 702 5142; x_wconf 79' lang='lat' dir='ltr'><strong>Paria,</strong></span> <span class='ocrx_word' id='word_1_174' title='bbox 724 5089 772 5131; x_wconf 84' lang='lat' dir='ltr'><strong>on</strong></span> <span class='ocrx_word' id='word_1_175' title='bbox 792 5068 866 5142; x_wconf 74' lang='lat' dir='ltr'><strong>XI,</strong></span> <span class='ocrx_word' id='word_1_176' title='bbox 881 5091 920 5151; x_wconf 86' lang='lat' dir='ltr'><strong>p.</strong></span> <span class='ocrx_word' id='word_1_177' title='bbox 946 5070 1019 5132; x_wconf 77' lang='lat'>188.</span> <span class='ocrx_word' id='word_1_178' title='bbox 1423 5049 1424 5056; x_wconf 8' lang='grc' dir='ltr'>ἵ</span> <span class='ocrx_word' id='word_1_179' title='bbox 1649 5065 1652 5072; x_wconf 83' lang='grc'><strong>’</strong></span> 
     </span>
     <span class='ocr_line' id='line_1_29' title="bbox 389 5172 1884 5314; baseline 0.009 -71"><span class='ocrx_word' id='word_1_180' title='bbox 389 5269 395 5276; x_wconf 30' lang='lat'>·</span> <span class='ocrx_word' id='word_1_181' title='bbox 424 5172 436 5212; x_wconf 86' lang='lat'>³</span> <span class='ocrx_word' id='word_1_182' title='bbox 461 5183 637 5268; x_wconf 70' lang='lat' dir='ltr'><strong>observat.</strong></span> <span class='ocrx_word' id='word_1_183' title='bbox 660 5185 703 5246; x_wconf 88' lang='lat' dir='ltr'><strong>dc</strong></span> <span class='ocrx_word' id='word_1_184' title='bbox 728 5185 842 5270; x_wconf 75' lang='lat' dir='ltr'><strong>gangl.</strong></span> <span class='ocrx_word' id='word_1_185' title='bbox 862 5185 951 5268; x_wconf 82' lang='lat' dir='ltr'><strong>picx.</strong></span> <span class='ocrx_word' id='word_1_186' title='bbox 972 5181 1131 5314; x_wconf 51' lang='lat' dir='ltr'><strong>{emilam</strong></span> <span class='ocrx_word' id='word_1_187' title='bbox 1148 5203 1157 5248; x_wconf 72' lang='grc' dir='ltr'><strong>ι</strong></span> <span class='ocrx_word' id='word_1_188' title='bbox 1177 5183 1364 5250; x_wconf 75' lang='lat' dir='ltr'><strong>Comunt-</strong></span> <span class='ocrx_word' id='word_1_189' title='bbox 1391 5177 1552 5266; x_wconf 72' lang='lat' dir='ltr'><strong>Goeiting·</strong></span> <span class='ocrx_word' id='word_1_190' title='bbox 1573 5199 1644 5262; x_wconf 79' lang='lat' dir='ltr'><strong>pro.</strong></span> <span class='ocrx_word' id='word_1_191' title='bbox 1660 5197 1764 5243; x_wconf 69' lang='lat'>⁸⁸²⁰-</span> <span class='ocrx_word' id='word_1_192' title='bbox 1779 5195 1884 5260; x_wconf 73' lang='lat'><strong>²7793</strong></span> 
     </span>
     <span class='ocr_line' id='line_1_30' title="bbox 377 5277 1333 5383; baseline 0.004 -27"><span class='ocrx_word' id='word_1_193' title='bbox 377 5296 445 5358; x_wconf 83' lang='lat' dir='ltr'><strong>vol.</strong></span> <span class='ocrx_word' id='word_1_194' title='bbox 463 5315 504 5382; x_wconf 84' lang='lat'><strong>2,</strong></span> <span class='ocrx_word' id='word_1_195' title='bbox 523 5318 560 5381; x_wconf 83' lang='lat' dir='ltr'><strong>p·</strong></span> <span class='ocrx_word' id='word_1_196' title='bbox 579 5301 634 5383; x_wconf 80' lang='lat'><strong>98·</strong></span> <span class='ocrx_word' id='word_1_197' title='bbox 662 5325 666 5330; x_wconf 93' lang='lat'>·</span> <span class='ocrx_word' id='word_1_198' title='bbox 989 5290 996 5302; x_wconf 57' lang='lat'>⁸</span> <span class='ocrx_word' id='word_1_199' title='bbox 1328 5277 1333 5292; x_wconf 50' lang='lat'>⁸</span> 
     </span>
    </p>
   </div>
   <div class='ocr_carea' id='block_1_4' title="bbox 0 0 2544 6808">
    <p class='ocr_par' dir='ltr' id='par_1_9' title="bbox 0 0 2544 6808">
     <span class='ocr_line' id='line_1_31' title="bbox 0 0 2544 6808; baseline 0 0"><span class='ocrx_word' id='word_1_200' title='bbox 0 0 2544 6808; x_wconf 95' lang='lat' dir='ltr'><strong> </strong></span> 
     </span>
    </p>
   </div>
  </div>
 </body>
</html>
