5080 6812
1409 725 1473 790 aa

684 915 742 1014 ex'
764 915 931 1012 eodem
948 915 1145 1026 ramim
1167 913 1366 1010 diversas
1393 911 1938 1042 regionere'mittunt'tir,
1963 918 2199 1040 tanquam

685 1073 837 1170 esole
867 1074 1041 1194 radiis
1123 1109 1126 1116 ’

687 1303 694 1325 .
715 1261 718 1268 ’
761 1231 951 1360 Organa
973 1259 1100 1346 vero,
1121 1259 1271 1354 quaea
1289 1225 1432 1354 plexu
1447 1223 1585 1320 solari
1607 1258 1761 1320 ramos
1778 1224 2041 1354 accipiunt,
2061 1248 2200 1320 sunt:

682 1387 1020 1520 diaphragma,
1057 1366 1372 1499 ventiieulus,
1408 1383 1577 1513 hepar,
1613 1381 1736 1498 lien,
1773 1383 1998 1478 intestina
2036 1385 2200 1478 tenuia

564 1659 568 1672 .
688 1568 833 1671 atque
862 1567 1034 1660 crassa,
1061 1575 1213 1660 renes,
1242 1539 1477 1672 glandulae
1499 1538 1843 1668 suprarenales,
1869 1573 1973 1634 vasa
1998 1572 2202 1668 sperma·

688 1703 781 1796 tie'a
811 1703 864 1797 in
904 1724 1109 1826 utroque
1131 1705 1255 1796 sexus
1303 1699 1378 1793 De
1405 1697 1633 1792 omnibus
1662 1697 1789 1792 hisee
1817 1698 1969 1792 nervis
2001 1695 2075 1790 lex
2102 1726 2201 1790 una

689 1858 813 1953 valet
846 1879 997 1984 atque
1025 1877 1268 1974 constans,
1309 1887 1405 1980 qua
1436 1876 1672 1949 statutum
1709 1876 1806 1970 est,
1853 1877 1909 1950 ut
1948 1883 2201 1949 nervorum

690 2015 969 2144 propagines
998 2014 1189 2108 arterias
1213 2034 1441 2140 perpetuo
1474 2012 1778 2106 comitentur.

692 2197 701 2246 ὲ
762 2175 816 2292 l..
832 2177 912 2262 31.
948 2167 1098 2266 Nervi
1123 2161 1552 2300 druplragmatici,
1578 2161 1778 2298 plerum
1805 2161 2087 2297 phrenicum
2115 2165 2204 2260 sor·

694 2348 908 2442 mantes,
927 2360 953 2419 1
974 2325 1138 2453 plexus
1160 2323 1321 2420 solaris
1339 2329 1472 2451 parte
1489 2323 1716 2451 superiori
1737 2343 2046 2438 enascuntur,
2065 2353 2206 2450 super

691 2473 842 2580 ciurass
866 2483 984 2611 septi
1026 2483 1272 2576 transversi
1309 2481 1573 2572 ascendunt
1614 2477 1725 2573 cum
1769 2479 1937 2574 arteria
1978 2479 2205 2608 phrenica

692 2672 863 2768 magna
888 2671 972 2734 seu
1006 2637 1241 2753 inferiori,
1275 2668 1330 2728 11
1352 2635 1560 2760 denique
1593 2633 1797 2730 infibra
1828 2634 2086 2731 musculari
2118 2657 2205 2730 ter·

692 2795 964 2910 minantur,
997 2825 1109 2886 eum
1141 2793 1283 2886 ramis
1303 2791 1436 2886 nervi
1469 2791 1684 2920 phreniei
1708 2796 1942 2889 consortio
1963 2793 2131 2922 juncti.
2196 2855 2199 2862 ·

765 2956 806 3072 5.
842 2957 921 3042 31.
969 2944 1154 3042 Plenus
1191 2943 1507 3043 stomachicus
1546 2982 1571 3043 e
1605 2950 1760 3044 media
1794 2955 1939 3073 atque
1974 2949 2204 3080 superiori

691 3098 826 3238 parte
854 3105 1007 3198 oritur
1036 3103 1200 3233 plexus
1226 3104 1410 3221 solaris,
1439 3139 1494 3201 eo
1527 3107 1580 3199 in
1616 3105 1739 3222 loco,
1768 3138 1867 3230 quo
1899 3107 1996 3198 duo
2020 3103 2205 3234 ganglia

694 3261 1001 3356 semilunaria
1039 3294 1284 3355 ramorum
1324 3261 1705 3358 transversalium
1745 3295 1833 3391 ope
1869 3264 1995 3356 inter
2023 3295 2071 3356 se
2104 3293 2207 3390 nec-

694 3427 880 3514 tuntur.
926 3417 1055 3512 Dein
1085 3418 1204 3510 rami
1238 3414 1434 3545 plexum
1464 3418 1810 3514 stomachicum
1842 3419 2204 3532 constituentes,

692 3597 928 3700 tanquam
955 3596 1052 3667 rete
1079 3577 1352 3690 nervosum,
1381 3574 1602 3670 arteriam
1632 3576 1927 3670 coronarium
1954 3572 2205 3669 ventriculi

688 3721 1013 3847 circumdant,
1028 3753 1188 3855 atque,
1205 3729 1415 3859 ejusdem
1429 3764 1582 3824 ramos
1599 3733 1874 3860 posteriores
1891 3731 2205 3857 insequendo,

694 3909 838 3982 nervo
854 3911 974 4016 ¹tago
1009 3887 1157 3982 dextri
1184 3886 1341 3981 lateris
1370 3910 1649 4003 occurrunt,
1684 3913 1732 3985 et
1756 3893 1909 3986 eidem
1936 3891 2208 4018 junguntur

693 4035 840 4140 modo
870 4045 1067 4138 inferius
1095 4045 1312 4140 dicendo.
1356 4046 1457 4140 Hac
1484 4079 1593 4138 vero
1620 4049 1903 4142 anastomosi
1927 4049 2079 4176 major
2109 4045 2207 4138 red·

694 4203 826 4294 ditur
844 4223 989 4325 atque
1007 4200 1306 4327 spectabilior
1321 4200 1486 4328 plexus
1506 4227 1663 4298 noster
1681 4204 2013 4320 stomachicus,
2033 4236 2088 4298 ex
2107 4227 2206 4325 quo

626 4391 629 4400 ·
693 4359 890 4451 tandem
914 4379 1019 4452 octo
1039 4357 1098 4451 ad
1121 4353 1282 4453 decem
1303 4383 1479 4454 exeunt
1497 4359 1710 4455 trunculi
1740 4362 1919 4477 nervei,
1949 4361 2054 4486 qui,
2082 4360 2206 4451 inter

695 4513 983 4608 musculares
1022 4511 1165 4609 fibras
1199 4516 1451 4610 ventriculi
1487 4540 1758 4647 reptantes,
1806 4519 1949 4636 dein,
1990 4518 2052 4610 ab
2097 4515 2207 4643 ipsis

695 4669 982 4788 absconditi,
1008 4703 1159 4800 usque
1185 4671 1246 4766 ad
1271 4675 1479 4770 mediam
1507 4676 1757 4771 ventriculi
1782 4678 2019 4807 regionem
2047 4675 2207 4768 decurss

696 4851 841 4946 runt,
875 4858 929 4922 ac
971 4829 1177 4958 denique
1219 4831 1272 4926 in
1313 4832 1406 4927 tela
1445 4832 1664 4929 cellulosa
1704 4833 1993 4930 membranae
2036 4828 2206 4926 villosae

695 4984 1028 5084 absumuntur.
1642 4987 1645 4996 ’
1983 4983 1997 5010 ”

767 5143 921 5237 Ceteri
942 5143 1071 5238 nervi
1088 5147 1362 5242 stomachiei
1379 5171 1605 5276 sequente
1625 5150 1767 5244 modo
1788 5183 1835 5246 se
1857 5150 2055 5270 habent,
2072 5146 2205 5276 juxta

696 5333 821 5395 meas
857 5298 1209 5398 observationes
