5080 6812
1414 674 1479 768 80

691 895 972 1024 producitur
1003 914 1147 1018 atque
1178 912 1380 988 emanat.
1435 889 1609 988 Nullus
1645 871 1777 981 enim
1815 918 1986 980 nervus
2021 918 2075 978 ex
2109 887 2203 980 alio

692 1043 971 1166 enascitur,
1002 1051 1125 1144 sicut
1164 1048 1303 1175 stirps
1338 1046 1513 1174 plantae
1551 1079 1576 1138 e
1610 1077 1703 1136 sua,
1732 1042 1916 1156 radice,
1957 1075 2040 1134 seu
2082 1043 2203 1136 rami

692 1206 1020 1301 arteriarume
1050 1226 1244 1313 trunc03
1274 1201 1354 1296 sed
1381 1199 1657 1294 efformatur
1679 1233 1707 1291 a
1735 1199 1780 1290 vi
1810 1196 2005 1323 plastica
2034 1230 2204 1292 nervus

692 1348 785 1476 ibi,
831 1361 916 1454 ubi
948 1360 1180 1488 reperitur
1208 1381 1352 1482 atque
1382 1357 1622 1452 decurrit:
1659 1355 1775 1448 hinc
1803 1353 2037 1447 terminus
2073 1357 2208 1450 nervi

690 1518 827 1645 origo
862 1517 932 1610 nil
965 1517 1096 1609 aliud
1132 1495 1364 1632 denotat,
1392 1512 1483 1608 nisi
1518 1513 1727 1641 ejusdem
1771 1510 1965 1604 unionis
1999 1513 2202 1604 modum

691 1706 804 1767 cum
818 1699 918 1767 'suo
949 1645 1140 1800 proprio
1172 1692 1429 1800 systemate.

763 1830 973 1957 Systcma
1005 1843 1255 1922 nervosum
1284 1810 1513 1920 cerebrale
1535 1825 1672 1918 aliter
1696 1841 2027 1958 comparatum
2056 1846 2125 1916 est
2149 1856 2202 1916 ac

693 2016 944 2082 nervosum
968 1979 1276 2114 gangliorum.
1318 1978 1459 2074 Illius
1486 1983 1606 2075 rami
1641 2013 1669 2072 a
1701 1982 1905 2107 corporis
1936 1980 2202 2108 peripheria

567 2199 577 2212 -
689 2172 845 2234 versus
874 2139 1118 2233 cerebrum
1148 2159 1462 2267 convergunt,
1491 2138 1629 2261 eique
1661 2137 1896 2230 radicibus
1919 2137 2040 2252 suis,
2066 2135 2200 2260 quasi

690 2317 843 2412 terrae,
885 2297 1014 2389 insiti
1051 2317 1206 2388 sunt:
1240 2296 1441 2418 unicum
1479 2326 1584 2423 ergo
1623 2314 1842 2388 centrum
1883 2292 2028 2387 habet
2059 2292 2203 2387 hocce
2268 2291 2276 2300 ’

689 2476 929 2581 systema,
956 2453 1087 2576 quod
1119 2456 1265 2546 estin
1296 2445 1565 2580 eccephalo.

761 2608 893 2720 Hoc,
927 2608 1239 2721 econtrario,
1274 2605 1411 2698 nullo
1442 2607 1585 2699 modo
1625 2607 1677 2699 in
1705 2627 1923 2700 centrum
1957 2606 2200 2730 quoddam

691 2765 844 2859 redit:
868 2763 1132 2856 nonhabet
1160 2763 1322 2856 focum
1341 2763 1540 2854 actionis
1570 2762 1793 2875 unicum,
1820 2762 1898 2855 sed
1923 2761 2017 2855 late
2040 2781 2201 2890 regnat

691 2917 949 3029 diffusum3
979 2949 1152 3048 organa
1177 2917 1267 3011 sibi
1296 2917 1498 3014 invicem
1529 2918 1702 3035 nectit,
1737 2916 1971 3046 triplicem
1998 2919 2200 3012 sormam

692 3107 943 3167 assumens.
1534 3075 1539 3084 ’

772 3222 831 3320 1.⁰
864 3229 1024 3322 Primo
1057 3228 1172 3322 retia
1203 3229 1345 3321 efficit
1374 3231 1494 3322 eirca
1524 3263 1655 3345 vasa,
1690 3262 1795 3354 quae
1825 3229 2021 3323 ramulis
2052 3250 2202 3322 tencr-

690 3385 822 3478 rimis
849 3403 994 3507 atquc
1020 3383 1489 3480 subtilibusarterias
1518 3387 1876 3515 amplectuntur
1900 3387 2027 3514 (pari
2056 3385 2199 3477 modo

690 3574 743 3633 ac
785 3540 957 3632 hedera
999 3539 1224 3632 arborum
1267 3541 1514 3668 stirpem),
1555 3564 1603 3635 et
1646 3575 1757 3635 eum
1802 3541 1893 3636 illis
1929 3542 1981 3634 in
2028 3573 2200 3670 organa

687 3717 954 3826 penetrant.
1011 3697 1135 3790 Nota
1169 3717 1285 3788 sunt
1323 3698 1409 3790 ista
1446 3699 1561 3792 retia
1598 3700 1687 3792 sub
1721 3699 1920 3792 nomine
1943 3693 2200 3830 plectrum,

640 3865 645 3873 “
690 3842 903 3976 quorum
932 3851 1182 3944 duodecim
1219 3872 1539 3946 numerantur
1568 3855 1627 3947 ad
1659 3855 1855 3949 diversas
1879 3876 2034 3983 partes
2063 3853 2203 3981 pcrti-

640 4053 645 4058 ·
689 4007 928 4138 nentium.
967 4007 1107 4100 Unus
1134 4040 1242 4101 vero
1266 4041 1361 4134 prae
1392 4008 1585 4133 reliquis
1614 4011 1815 4126 eminet,
1848 4011 1958 4136 qui,
1987 4011 2039 4102 in
2068 4031 2202 4136 parte

692 4149 872 4257 remota
907 4162 1137 4292 epigastrii
1168 4163 1372 4290 positus,
1405 4164 1600 4295 gangliis
1630 4167 1908 4285 instructus,
1939 4169 1997 4260 ad
2029 4168 2200 4259 viscera

693 4317 1016 4413 abdominalia
1042 4351 1197 4412 ramos
1225 4321 1468 4437 emittens,
1495 4323 1658 4450 plexus
1683 4293 1856 4419 format
1879 4324 2200 4440 secundarios,

692 4499 739 4568 et
758 4457 992 4599 tanquam
1012 4493 1221 4567 centrum
1246 4479 1513 4602 quoddam,
1540 4481 1612 4575 vel
1635 4475 1878 4574 cerebrum
1899 4474 2201 4572 abdominule

693 4633 778 4725 diu
805 4617 837 4722 a¹
860 4629 1140 4759 physiologis
1171 4631 1363 4727 habitus
1391 4657 1470 4728 est.

758 4773 833 4926 ¹2⁰
869 4781 1036 4880 Plenus
1078 4786 1153 4879 isti
1197 4788 1384 4883 cerebro
1425 4811 1570 4914 atque
1608 4789 1827 4885 medullae
1877 4789 2049 4918 spinali
2098 4821 2200 4883 nec-

693 4964 866 5035 tuntur
900 4975 984 5068 per
1014 4973 1194 5058 ramos,
1231 4976 1350 5067 quos
1377 4942 1563 5039 Rer'lius
1589 4943 1897 5040 conductores
1925 4969 2070 5041 vocat.
2121 4946 2199 5041 Sic

638 5123 642 5138 ·
692 5132 859 5191 nervus
880 5095 1070 5212 renalis,
1098 5130 1266 5191 nervus
1289 5099 1626 5228 splanchnicus
1650 5103 1802 5228 major
1821 5124 1868 5194 et
1896 5105 2058 5226 minor
2083 5122 2199 5195 sunt

683 5250 915 5382 plectrum
949 5246 1288 5350 conductores.-
1315 5258 1416 5387 pari
1445 5259 1588 5354 modo
1615 5260 1744 5355 nervi
1776 5259 1975 5353 cardiaci
2002 5292 2029 5351 a
2057 5258 2199 5387 plexi·
