<?xml version="1.0" encoding="UTF-8"?>
<!DOCTYPE html PUBLIC "-//W3C//DTD XHTML 1.0 Transitional//EN"
    "http://www.w3.org/TR/xhtml1/DTD/xhtml1-transitional.dtd">
<html xmlns="http://www.w3.org/1999/xhtml" xml:lang="en" lang="en">
 <head>
  <title>
</title>
<meta http-equiv="Content-Type" content="text/html;charset=utf-8" />
  <meta name='ocr-system' content='tesseract 3.04.00' />
  <meta name='ocr-capabilities' content='ocr_page ocr_carea ocr_par ocr_line ocrx_word'/>
</head>
<body>
  <div class='ocr_page' id='page_1' title='image "./denervisympathe00lobsgoog_0133.png"; bbox 0 0 5076 6816; ppageno 0'>
   <div class='ocr_carea' id='block_1_1' title="bbox 1394 703 1492 801">
    <p class='ocr_par' dir='ltr' id='par_1_1' title="bbox 1394 703 1492 801">
     <span class='ocr_line' id='line_1_1' title="bbox 1394 703 1492 801; baseline 0.031 -3"><span class='ocrx_word' id='word_1_1' title='bbox 1394 703 1492 801; x_wconf 86' lang='lat'><strong>116</strong></span> 
     </span>
    </p>
   </div>
   <div class='ocr_carea' id='block_1_2' title="bbox 659 917 2191 5410">
    <p class='ocr_par' dir='ltr' id='par_1_2' title="bbox 659 917 2191 3694">
     <span class='ocr_line' id='line_1_2' title="bbox 686 917 2189 1060; baseline -0.001 -44"><span class='ocrx_word' id='word_1_2' title='bbox 686 955 713 1016; x_wconf 88' lang='lat' dir='ltr'><strong>a</strong></span> <span class='ocrx_word' id='word_1_3' title='bbox 739 939 985 1050; x_wconf 84' lang='lat' dir='ltr'><strong>systemate</strong></span> <span class='ocrx_word' id='word_1_4' title='bbox 1011 951 1203 1015; x_wconf 87' lang='lat' dir='ltr'><strong>nervoso</strong></span> <span class='ocrx_word' id='word_1_5' title='bbox 1229 920 1524 1050; x_wconf 84' lang='lat' dir='ltr'><strong>gangliorum</strong></span> <span class='ocrx_word' id='word_1_6' title='bbox 1544 949 1697 1013; x_wconf 90' lang='lat' dir='ltr'><strong>ramos</strong></span> <span class='ocrx_word' id='word_1_7' title='bbox 1724 947 1832 1012; x_wconf 86' lang='lat' dir='ltr'><strong>suos</strong></span> <span class='ocrx_word' id='word_1_8' title='bbox 1855 917 2105 1060; x_wconf 81' lang='lat' dir='ltr'><strong>accipiant·</strong></span> <span class='ocrx_word' id='word_1_9' title='bbox 2138 919 2189 1017; x_wconf 90' lang='lat' dir='ltr'><strong>Si</strong></span> 
     </span>
     <span class='ocr_line' id='line_1_3' title="bbox 685 1073 2191 1204; baseline 0 -35"><span class='ocrx_word' id='word_1_10' title='bbox 685 1077 811 1169; x_wconf 91' lang='lat' dir='ltr'><strong>hisce</strong></span> <span class='ocrx_word' id='word_1_11' title='bbox 835 1076 990 1191; x_wconf 87' lang='lat' dir='ltr'><strong>addis,</strong></span> <span class='ocrx_word' id='word_1_12' title='bbox 1020 1078 1416 1203; x_wconf 85' lang='lat' dir='ltr'><strong>quodrespiratio</strong></span> <span class='ocrx_word' id='word_1_13' title='bbox 1445 1096 1588 1200; x_wconf 88' lang='lat' dir='ltr'><strong>atque</strong></span> <span class='ocrx_word' id='word_1_14' title='bbox 1609 1075 1851 1204; x_wconf 76' lang='lat' dir='ltr'><strong>sanguinis</strong></span> <span class='ocrx_word' id='word_1_15' title='bbox 1879 1073 2081 1168; x_wconf 88' lang='lat' dir='ltr'><strong>circulus</strong></span> <span class='ocrx_word' id='word_1_16' title='bbox 2107 1109 2191 1204; x_wconf 87' lang='lat' dir='ltr'><strong>per</strong></span> 
     </span>
     <span class='ocr_line' id='line_1_4' title="bbox 684 1228 2188 1360; baseline 0.001 -36"><span class='ocrx_word' id='word_1_17' title='bbox 684 1231 843 1360; x_wconf 91' lang='lat' dir='ltr'><strong>plures</strong></span> <span class='ocrx_word' id='word_1_18' title='bbox 882 1262 1062 1326; x_wconf 89' lang='lat' dir='ltr'><strong>menses</strong></span> <span class='ocrx_word' id='word_1_19' title='bbox 1102 1232 1201 1325; x_wconf 93' lang='lat' dir='ltr'><strong>sint</strong></span> <span class='ocrx_word' id='word_1_20' title='bbox 1241 1233 1470 1359; x_wconf 84' lang='lat' dir='ltr'><strong>suppressi</strong></span> <span class='ocrx_word' id='word_1_21' title='bbox 1515 1231 1567 1324; x_wconf 87' lang='lat' dir='ltr'><strong>in</strong></span> <span class='ocrx_word' id='word_1_22' title='bbox 1603 1228 1939 1330; x_wconf 87' lang='lat' dir='ltr'><strong>mammalibus</strong></span> <span class='ocrx_word' id='word_1_23' title='bbox 1974 1228 2188 1358; x_wconf 91' lang='lat' dir='ltr'><strong>hyberno</strong></span> 
     </span>
     <span class='ocr_line' id='line_1_5' title="bbox 684 1386 2189 1509; baseline -0.001 -27"><span class='ocrx_word' id='word_1_24' title='bbox 684 1421 855 1482; x_wconf 93' lang='lat' dir='ltr'><strong>somno</strong></span> <span class='ocrx_word' id='word_1_25' title='bbox 885 1388 1075 1502; x_wconf 90' lang='lat' dir='ltr'><strong>deditis,</strong></span> <span class='ocrx_word' id='word_1_26' title='bbox 1112 1422 1302 1482; x_wconf 88' lang='lat' dir='ltr'><strong>mecum</strong></span> <span class='ocrx_word' id='word_1_27' title='bbox 1334 1409 1455 1481; x_wconf 89' lang='lat' dir='ltr'><strong>certe</strong></span> <span class='ocrx_word' id='word_1_28' title='bbox 1481 1387 1718 1500; x_wconf 82' lang='lat' dir='ltr'><strong>fateberis,</strong></span> <span class='ocrx_word' id='word_1_29' title='bbox 1757 1386 1990 1500; x_wconf 83' lang='lat' dir='ltr'><strong>actiones,</strong></span> <span class='ocrx_word' id='word_1_30' title='bbox 2028 1403 2189 1509; x_wconf 74' lang='lat' dir='ltr'><strong>quae&#39;a</strong></span> 
     </span>
     <span class='ocr_line' id='line_1_6' title="bbox 686 1542 2188 1674; baseline -0.001 -37"><span class='ocrx_word' id='word_1_31' title='bbox 686 1577 829 1638; x_wconf 86' lang='lat' dir='ltr'><strong>nervo</strong></span> <span class='ocrx_word' id='word_1_32' title='bbox 846 1544 1187 1674; x_wconf 87' lang='lat' dir='ltr'><strong>sympathetico</strong></span> <span class='ocrx_word' id='word_1_33' title='bbox 1201 1545 1431 1672; x_wconf 89' lang='lat' dir='ltr'><strong>pendent,</strong></span> <span class='ocrx_word' id='word_1_34' title='bbox 1450 1544 1660 1667; x_wconf 86' lang='lat' dir='ltr'><strong>quodam</strong></span> <span class='ocrx_word' id='word_1_35' title='bbox 1676 1542 1819 1636; x_wconf 92' lang='lat' dir='ltr'><strong>modo</strong></span> <span class='ocrx_word' id='word_1_36' title='bbox 1838 1542 1972 1636; x_wconf 87' lang='lat' dir='ltr'><strong>certis</strong></span> <span class='ocrx_word' id='word_1_37' title='bbox 1987 1544 2188 1671; x_wconf 89' lang='lat' dir='ltr'><strong>periodis</strong></span> 
     </span>
     <span class='ocr_line' id='line_1_7' title="bbox 659 1699 2153 1804; baseline -0.001 -10"><span class='ocrx_word' id='word_1_38' title='bbox 659 1733 779 1794; x_wconf 62' lang='lat' dir='ltr'><strong>esse</strong></span> <span class='ocrx_word' id='word_1_39' title='bbox 807 1699 1070 1794; x_wconf 85' lang='lat' dir='ltr'><strong>submissas.</strong></span> <span class='ocrx_word' id='word_1_40' title='bbox 1956 1797 1962 1804; x_wconf 68' lang='grc'><strong>,</strong></span> <span class='ocrx_word' id='word_1_41' title='bbox 2151 1708 2153 1718; x_wconf 84' lang='grc'><strong>’</strong></span> 
     </span>
     <span class='ocr_line' id='line_1_8' title="bbox 661 1850 2186 1980; baseline -0.005 -26"><span class='ocrx_word' id='word_1_42' title='bbox 661 1921 666 1954; x_wconf 54' lang='lat'><em>2</em></span> <span class='ocrx_word' id='word_1_43' title='bbox 758 1858 839 1948; x_wconf 87' lang='grc' dir='ltr'><strong>ΙΙΙ.</strong></span> <span class='ocrx_word' id='word_1_44' title='bbox 879 1858 1061 1970; x_wconf 88' lang='lat' dir='ltr'><strong>Restat,</strong></span> <span class='ocrx_word' id='word_1_45' title='bbox 1087 1877 1144 1949; x_wconf 92' lang='lat' dir='ltr'><strong>ut</strong></span> <span class='ocrx_word' id='word_1_46' title='bbox 1173 1850 1537 1948; x_wconf 76' lang='lat' dir='ltr'><strong>mechanismum</strong></span> <span class='ocrx_word' id='word_1_47' title='bbox 1566 1854 1822 1980; x_wconf 86' lang='lat' dir='ltr'><strong>attingam,</strong></span> <span class='ocrx_word' id='word_1_48' title='bbox 1854 1884 1952 1977; x_wconf 92' lang='lat' dir='ltr'><strong>quo</strong></span> <span class='ocrx_word' id='word_1_49' title='bbox 1987 1854 2186 1947; x_wconf 86' lang='lat' dir='ltr'><strong>functio·</strong></span> 
     </span>
     <span class='ocr_line' id='line_1_9' title="bbox 685 2001 2183 2140; baseline -0.003 -35"><span class='ocrx_word' id='word_1_50' title='bbox 685 2045 768 2106; x_wconf 86' lang='lat' dir='ltr'><strong>nes</strong></span> <span class='ocrx_word' id='word_1_51' title='bbox 798 2012 927 2105; x_wconf 87' lang='lat' dir='ltr'><strong>nervi</strong></span> <span class='ocrx_word' id='word_1_52' title='bbox 957 2010 1283 2140; x_wconf 86' lang='lat' dir='ltr'><strong>sympathetici</strong></span> <span class='ocrx_word' id='word_1_53' title='bbox 1309 2001 1635 2137; x_wconf 83' lang='lat' dir='ltr'><strong>perficiuntur.</strong></span> <span class='ocrx_word' id='word_1_54' title='bbox 1678 2010 1789 2104; x_wconf 90' lang='lat' dir='ltr'><strong>Non</strong></span> <span class='ocrx_word' id='word_1_55' title='bbox 1822 2011 2183 2140; x_wconf 88' lang='lat' dir='ltr'><strong>exspectandum</strong></span> 
     </span>
     <span class='ocr_line' id='line_1_10' title="bbox 664 2163 2183 2295; baseline -0.003 -35"><span class='ocrx_word' id='word_1_56' title='bbox 664 2169 905 2295; x_wconf 65' lang='lat' dir='ltr'><strong>quidem,</strong></span> <span class='ocrx_word' id='word_1_57' title='bbox 932 2188 988 2292; x_wconf 88' lang='lat' dir='ltr'><strong>ut</strong></span> <span class='ocrx_word' id='word_1_58' title='bbox 1015 2189 1346 2290; x_wconf 76' lang='lat' dir='ltr'><strong>eruamatque</strong></span> <span class='ocrx_word' id='word_1_59' title='bbox 1374 2164 1517 2292; x_wconf 87' lang='lat' dir='ltr'><strong>plane</strong></span> <span class='ocrx_word' id='word_1_60' title='bbox 1546 2163 1813 2278; x_wconf 83' lang='lat' dir='ltr'><strong>enucleem&#39;,</strong></span> <span class='ocrx_word' id='word_1_61' title='bbox 1844 2196 1949 2289; x_wconf 87' lang='lat' dir='ltr'><strong>quae</strong></span> <span class='ocrx_word' id='word_1_62' title='bbox 1980 2165 2183 2256; x_wconf 82' lang='lat' dir='ltr'><strong>maxima</strong></span> 
     </span>
     <span class='ocr_line' id='line_1_11' title="bbox 661 2319 2184 2449; baseline -0.003 -32"><span class='ocrx_word' id='word_1_63' title='bbox 661 2324 907 2422; x_wconf 73' lang='lat' dir='ltr'><strong>obuoluta</strong></span> <span class='ocrx_word' id='word_1_64' title='bbox 933 2344 1049 2416; x_wconf 90' lang='lat' dir='ltr'><strong>sunt</strong></span> <span class='ocrx_word' id='word_1_65' title='bbox 1070 2320 1277 2449; x_wconf 82' lang='lat' dir='ltr'><strong>caligine.</strong></span> <span class='ocrx_word' id='word_1_66' title='bbox 1305 2320 1512 2438; x_wconf 81' lang='lat' dir='ltr'><strong>Quaestio</strong></span> <span class='ocrx_word' id='word_1_67' title='bbox 1543 2320 1673 2412; x_wconf 92' lang='lat' dir='ltr'><strong>enim</strong></span> <span class='ocrx_word' id='word_1_68' title='bbox 1699 2319 1818 2412; x_wconf 88' lang='lat' dir='ltr'><strong>circa</strong></span> <span class='ocrx_word' id='word_1_69' title='bbox 1845 2320 2184 2443; x_wconf 84' lang='lat' dir='ltr'><strong>modum,.quo</strong></span> 
     </span>
     <span class='ocr_line' id='line_1_12' title="bbox 664 2472 2184 2608; baseline 0.002 -43"><span class='ocrx_word' id='word_1_70' title='bbox 664 2555 667 2563; x_wconf 91' lang='lat'>.</span> <span class='ocrx_word' id='word_1_71' title='bbox 683 2499 935 2608; x_wconf 86' lang='lat' dir='ltr'><strong>apparatus</strong></span> <span class='ocrx_word' id='word_1_72' title='bbox 953 2510 1173 2572; x_wconf 87' lang='lat' dir='ltr'><strong>nervosus</strong></span> <span class='ocrx_word' id='word_1_73' title='bbox 1190 2475 1483 2605; x_wconf 84' lang='lat' dir='ltr'><strong>gangliorum</strong></span> <span class='ocrx_word' id='word_1_74' title='bbox 1500 2472 1611 2604; x_wconf 83' lang='lat' dir='ltr'><strong>agit,</strong></span> <span class='ocrx_word' id='word_1_75' title='bbox 1628 2473 1688 2566; x_wconf 89' lang='lat' dir='ltr'><strong>ad</strong></span> <span class='ocrx_word' id='word_1_76' title='bbox 1703 2475 2075 2568; x_wconf 78' lang='lat' dir='ltr'><strong>dissertationem</strong></span> <span class='ocrx_word' id='word_1_77' title='bbox 2086 2493 2184 2602; x_wconf 83' lang='lat' dir='ltr'><strong>pet·-</strong></span> 
     </span>
     <span class='ocr_line' id='line_1_13' title="bbox 682 2627 2181 2762; baseline -0.004 -34"><span class='ocrx_word' id='word_1_78' title='bbox 682 2638 811 2744; x_wconf 87' lang='lat' dir='ltr'><strong>tinet</strong></span> <span class='ocrx_word' id='word_1_79' title='bbox 832 2633 1166 2762; x_wconf 82' lang='lat' dir='ltr'><strong>generaliorem</strong></span> <span class='ocrx_word' id='word_1_80' title='bbox 1192 2633 1249 2723; x_wconf 95' lang='lat' dir='ltr'><strong>de</strong></span> <span class='ocrx_word' id='word_1_81' title='bbox 1268 2630 1469 2723; x_wconf 82' lang='lat' dir='ltr'><strong>universi</strong></span> <span class='ocrx_word' id='word_1_82' title='bbox 1492 2630 1749 2758; x_wconf 85' lang='lat' dir='ltr'><strong>systematis</strong></span> <span class='ocrx_word' id='word_1_83' title='bbox 1773 2629 1951 2722; x_wconf 90' lang='lat' dir='ltr'><strong>nervosi</strong></span> <span class='ocrx_word' id='word_1_84' title='bbox 1977 2627 2181 2743; x_wconf 81' lang='lat' dir='ltr'><strong>actione,</strong></span> 
     </span>
     <span class='ocr_line' id='line_1_14' title="bbox 669 2783 2184 2915; baseline -0.003 -33"><span class='ocrx_word' id='word_1_85' title='bbox 669 2813 812 2915; x_wconf 78' lang='lat' dir='ltr'><strong>,quae,</strong></span> <span class='ocrx_word' id='word_1_86' title='bbox 841 2789 971 2912; x_wconf 93' lang='lat' dir='ltr'><strong>quod</strong></span> <span class='ocrx_word' id='word_1_87' title='bbox 1000 2789 1124 2880; x_wconf 89' lang='lat' dir='ltr'><strong>inter</strong></span> <span class='ocrx_word' id='word_1_88' title='bbox 1149 2783 1319 2878; x_wconf 89' lang='lat' dir='ltr'><strong>omnes</strong></span> <span class='ocrx_word' id='word_1_89' title='bbox 1335 2806 1540 2900; x_wconf 86' lang='lat' dir='ltr'><strong>constat,</strong></span> <span class='ocrx_word' id='word_1_90' title='bbox 1565 2785 1781 2877; x_wconf 86' lang='lat' dir='ltr'><strong>maximis</strong></span> <span class='ocrx_word' id='word_1_91' title='bbox 1801 2785 2035 2911; x_wconf 85' lang='lat' dir='ltr'><strong>premitur</strong></span> <span class='ocrx_word' id='word_1_92' title='bbox 2067 2786 2184 2879; x_wconf 86' lang='lat' dir='ltr'><strong>diffi-</strong></span> 
     </span>
     <span class='ocr_line' id='line_1_15' title="bbox 667 2939 2180 3069; baseline -0.004 -31"><span class='ocrx_word' id='word_1_93' title='bbox 667 2944 960 3058; x_wconf 74' lang='lat' dir='ltr'><strong>cultatibus,</strong></span> <span class='ocrx_word' id='word_1_94' title='bbox 990 2964 1047 3034; x_wconf 88' lang='lat' dir='ltr'><strong>et·</strong></span> <span class='ocrx_word' id='word_1_95' title='bbox 1060 2941 1130 3034; x_wconf 92' lang='lat' dir='ltr'><strong>nil</strong></span> <span class='ocrx_word' id='word_1_96' title='bbox 1153 2939 1288 3034; x_wconf 89' lang='lat' dir='ltr'><strong>offert</strong></span> <span class='ocrx_word' id='word_1_97' title='bbox 1307 2940 1397 3034; x_wconf 91' lang='lat' dir='ltr'><strong>nisi</strong></span> <span class='ocrx_word' id='word_1_98' title='bbox 1423 2939 1713 3065; x_wconf 87' lang='lat' dir='ltr'><strong>conjecturas</strong></span> <span class='ocrx_word' id='word_1_99' title='bbox 1734 2961 1877 3063; x_wconf 88' lang='lat' dir='ltr'><strong>atque</strong></span> <span class='ocrx_word' id='word_1_100' title='bbox 1895 2940 2180 3069; x_wconf 75' lang='lat' dir='ltr'><strong>hypotheses.</strong></span> 
     </span>
     <span class='ocr_line' id='line_1_16' title="bbox 669 3094 2182 3220; baseline -0.001 -30"><span class='ocrx_word' id='word_1_101' title='bbox 669 3102 847 3216; x_wconf 51' lang='lat' dir='ltr'><strong>tEversa</strong></span> <span class='ocrx_word' id='word_1_102' title='bbox 866 3121 934 3191; x_wconf 87' lang='lat' dir='ltr'><strong>est</strong></span> <span class='ocrx_word' id='word_1_103' title='bbox 955 3097 1134 3190; x_wconf 86' lang='lat' dir='ltr'><strong>theoria</strong></span> <span class='ocrx_word' id='word_1_104' title='bbox 1153 3097 1211 3189; x_wconf 91' lang='lat' dir='ltr'><strong>de</strong></span> <span class='ocrx_word' id='word_1_105' title='bbox 1228 3094 1378 3188; x_wconf 90' lang='lat' dir='ltr'><strong>ssuido</strong></span> <span class='ocrx_word' id='word_1_106' title='bbox 1398 3126 1587 3207; x_wconf 81' lang='lat' dir='ltr'><strong>nerveo,</strong></span> <span class='ocrx_word' id='word_1_107' title='bbox 1607 3094 1665 3186; x_wconf 90' lang='lat' dir='ltr'><strong>de</strong></span> <span class='ocrx_word' id='word_1_108' title='bbox 1680 3094 2022 3188; x_wconf 86' lang='lat' dir='ltr'><strong>vibrationibus</strong></span> <span class='ocrx_word' id='word_1_109' title='bbox 2039 3113 2182 3220; x_wconf 90' lang='lat' dir='ltr'><strong>atque</strong></span> 
     </span>
     <span class='ocr_line' id='line_1_17' title="bbox 682 3245 2180 3386; baseline -0.004 -36"><span class='ocrx_word' id='word_1_110' title='bbox 682 3252 1055 3386; x_wconf 70' lang='lat' dir='ltr'><strong>oscillationibus</strong></span> <span class='ocrx_word' id='word_1_111' title='bbox 1084 3281 1360 3364; x_wconf 87' lang='lat' dir='ltr'><strong>nervorum,</strong></span> <span class='ocrx_word' id='word_1_112' title='bbox 1386 3269 1491 3358; x_wconf 70' lang='lat' dir='ltr'><strong>etc,</strong></span> <span class='ocrx_word' id='word_1_113' title='bbox 1529 3265 1614 3341; x_wconf 87' lang='lat' dir='ltr'><strong>nec</strong></span> <span class='ocrx_word' id='word_1_114' title='bbox 1629 3250 1898 3372; x_wconf 76' lang='lat' dir='ltr'><strong>&#39;quicquam</strong></span> <span class='ocrx_word' id='word_1_115' title='bbox 1929 3271 2019 3364; x_wconf 90' lang='lat' dir='ltr'><strong>cst,</strong></span> <span class='ocrx_word' id='word_1_116' title='bbox 2051 3245 2180 3374; x_wconf 80' lang='lat' dir='ltr'><strong>¹quod</strong></span> 
     </span>
     <span class='ocr_line' id='line_1_18' title="bbox 672 3403 2182 3537; baseline -0.006 -30"><span class='ocrx_word' id='word_1_117' title='bbox 672 3444 784 3508; x_wconf 58' lang='lat' dir='ltr'><strong>,non</strong></span> <span class='ocrx_word' id='word_1_118' title='bbox 803 3410 1114 3537; x_wconf 83' lang='lat' dir='ltr'><strong>excogitatum</strong></span> <span class='ocrx_word' id='word_1_119' title='bbox 1140 3407 1282 3500; x_wconf 87' lang='lat' dir='ltr'><strong>fuerit</strong></span> <span class='ocrx_word' id='word_1_120' title='bbox 1301 3403 1361 3498; x_wconf 82' lang='lat' dir='ltr'><strong>ad</strong></span> <span class='ocrx_word' id='word_1_121' title='bbox 1382 3404 1618 3516; x_wconf 86' lang='lat' dir='ltr'><strong>actionem</strong></span> <span class='ocrx_word' id='word_1_122' title='bbox 1637 3403 1895 3533; x_wconf 85' lang='lat' dir='ltr'><strong>systematis</strong></span> <span class='ocrx_word' id='word_1_123' title='bbox 1914 3403 2091 3499; x_wconf 83' lang='lat' dir='ltr'><strong>nervosi</strong></span> <span class='ocrx_word' id='word_1_124' title='bbox 2111 3439 2182 3500; x_wconf 86' lang='lat' dir='ltr'><strong>cx-</strong></span> 
     </span>
     <span class='ocr_line' id='line_1_19' title="bbox 679 3566 1904 3694; baseline -0.003 -35"><span class='ocrx_word' id='word_1_125' title='bbox 679 3566 964 3694; x_wconf 80' lang='lat' dir='ltr'><strong>plicandam.</strong></span> <span class='ocrx_word' id='word_1_126' title='bbox 1080 3637 1083 3646; x_wconf 61' lang='grc'>,</span> <span class='ocrx_word' id='word_1_127' title='bbox 1900 3573 1904 3580; x_wconf 88' lang='grc'><strong><em>’</em></strong></span> 
     </span>
    </p>

    <p class='ocr_par' dir='ltr' id='par_1_3' title="bbox 676 3707 2182 5410">
     <span class='ocr_line' id='line_1_20' title="bbox 676 3707 2181 3847; baseline -0.001 -33"><span class='ocrx_word' id='word_1_128' title='bbox 676 3782 699 3824; x_wconf 80' lang='grc'><strong>-,</strong></span> <span class='ocrx_word' id='word_1_129' title='bbox 754 3725 946 3814; x_wconf 87' lang='lat' dir='ltr'><strong>Interea.</strong></span> <span class='ocrx_word' id='word_1_130' title='bbox 961 3752 1048 3847; x_wconf 89' lang='lat' dir='ltr'><strong>pro</strong></span> <span class='ocrx_word' id='word_1_131' title='bbox 1068 3738 1192 3811; x_wconf 89' lang='lat' dir='ltr'><strong>certo</strong></span> <span class='ocrx_word' id='word_1_132' title='bbox 1210 3717 1464 3830; x_wconf 89' lang='lat' dir='ltr'><strong>habemus,</strong></span> <span class='ocrx_word' id='word_1_133' title='bbox 1486 3749 1650 3810; x_wconf 85' lang='lat' dir='ltr'><strong>nervos</strong></span> <span class='ocrx_word' id='word_1_134' title='bbox 1671 3715 1791 3844; x_wconf 91' lang='lat' dir='ltr'><strong>ipsos</strong></span> <span class='ocrx_word' id='word_1_135' title='bbox 1815 3749 1941 3811; x_wconf 86' lang='lat' dir='ltr'><strong>mere</strong></span> <span class='ocrx_word' id='word_1_136' title='bbox 1963 3707 2181 3812; x_wconf 48' lang='lat' dir='ltr'><strong>esse‘con·</strong></span> 
     </span>
     <span class='ocr_line' id='line_1_21' title="bbox 680 3872 2181 4003; baseline -0.002 -33"><span class='ocrx_word' id='word_1_137' title='bbox 680 3877 895 3972; x_wconf 74' lang='lat' dir='ltr'><strong>ductores</strong></span> <span class='ocrx_word' id='word_1_138' title='bbox 918 3874 1139 4003; x_wconf 89' lang='lat' dir='ltr'><strong>principii</strong></span> <span class='ocrx_word' id='word_1_139' title='bbox 1169 3873 1415 3999; x_wconf 88' lang='lat' dir='ltr'><strong>cujusdam</strong></span> <span class='ocrx_word' id='word_1_140' title='bbox 1443 3872 1703 3966; x_wconf 89' lang='lat' dir='ltr'><strong>admodum</strong></span> <span class='ocrx_word' id='word_1_141' title='bbox 1733 3873 1940 3988; x_wconf 91' lang='lat' dir='ltr'><strong>mobilis,</strong></span> <span class='ocrx_word' id='word_1_142' title='bbox 1967 3877 2181 3997; x_wconf 81' lang='lat' dir='ltr'><strong>quamvis</strong></span> 
     </span>
     <span class='ocr_line' id='line_1_22' title="bbox 681 4028 2181 4156; baseline 0 -33"><span class='ocrx_word' id='word_1_143' title='bbox 681 4031 952 4145; x_wconf 87' lang='lat' dir='ltr'><strong>materialis,</strong></span> <span class='ocrx_word' id='word_1_144' title='bbox 970 4029 1100 4155; x_wconf 84' lang='lat' dir='ltr'><strong>quod</strong></span> <span class='ocrx_word' id='word_1_145' title='bbox 1115 4061 1199 4155; x_wconf 90' lang='lat' dir='ltr'><strong>per</strong></span> <span class='ocrx_word' id='word_1_146' title='bbox 1213 4028 1490 4120; x_wconf 90' lang='lat' dir='ltr'><strong>nutritionis</strong></span> <span class='ocrx_word' id='word_1_147' title='bbox 1501 4051 1681 4144; x_wconf 90' lang='lat' dir='ltr'><strong>actum,</strong></span> <span class='ocrx_word' id='word_1_148' title='bbox 1702 4061 1781 4121; x_wconf 91' lang='lat' dir='ltr'><strong>seu</strong></span> <span class='ocrx_word' id='word_1_149' title='bbox 1800 4060 2064 4156; x_wconf 87' lang='lat' dir='ltr'><strong>processum</strong></span> <span class='ocrx_word' id='word_1_150' title='bbox 2081 4031 2181 4123; x_wconf 82' lang='lat' dir='ltr'><strong>cho‘-</strong></span> 
     </span>
     <span class='ocr_line' id='line_1_23' title="bbox 682 4182 2181 4313; baseline 0.001 -34"><span class='ocrx_word' id='word_1_151' title='bbox 682 4185 1035 4299; x_wconf 69' lang='lat' dir='ltr'><strong>micuvitalem,</strong></span> <span class='ocrx_word' id='word_1_152' title='bbox 1060 4183 1114 4276; x_wconf 86' lang='lat' dir='ltr'><strong>i&#39;n</strong></span> <span class='ocrx_word' id='word_1_153' title='bbox 1137 4183 1246 4310; x_wconf 90' lang='lat' dir='ltr'><strong>ipsis</strong></span> <span class='ocrx_word' id='word_1_154' title='bbox 1264 4182 1489 4276; x_wconf 83' lang='lat' dir='ltr'><strong>funiculis</strong></span> <span class='ocrx_word' id='word_1_155' title='bbox 1510 4217 1537 4276; x_wconf 92' lang='lat' dir='ltr'><strong>a</strong></span> <span class='ocrx_word' id='word_1_156' title='bbox 1558 4185 1786 4313; x_wconf 83' lang='lat' dir='ltr'><strong>sanguine</strong></span> <span class='ocrx_word' id='word_1_157' title='bbox 1810 4185 2027 4278; x_wconf 90' lang='lat' dir='ltr'><strong>arterioso</strong></span> <span class='ocrx_word' id='word_1_158' title='bbox 2044 4217 2181 4281; x_wconf 91' lang='lat' dir='ltr'><strong>secer·</strong></span> 
     </span>
     <span class='ocr_line' id='line_1_24' title="bbox 683 4339 2179 4464; baseline 0.003 -33"><span class='ocrx_word' id='word_1_159' title='bbox 683 4343 817 4442; x_wconf 89' lang='lat' dir='ltr'><strong>nitur</strong></span> <span class='ocrx_word' id='word_1_160' title='bbox 849 4362 907 4433; x_wconf 90' lang='lat' dir='ltr'><strong>et.</strong></span> <span class='ocrx_word' id='word_1_161' title='bbox 924 4339 1192 4453; x_wconf 82' lang='lat' dir='ltr'><strong>evolvitur,¹</strong></span> <span class='ocrx_word' id='word_1_162' title='bbox 1208 4339 1339 4431; x_wconf 91' lang='lat' dir='ltr'><strong>haud</strong></span> <span class='ocrx_word' id='word_1_163' title='bbox 1370 4372 1476 4433; x_wconf 79' lang='lat' dir='ltr'><strong>vero</strong></span> <span class='ocrx_word' id='word_1_164' title='bbox 1508 4341 1700 4433; x_wconf 85' lang='lat' dir='ltr'><strong>efonte</strong></span> <span class='ocrx_word' id='word_1_165' title='bbox 1728 4343 1936 4464; x_wconf 88' lang='lat' dir='ltr'><strong>quodam</strong></span> <span class='ocrx_word' id='word_1_166' title='bbox 1964 4364 2179 4460; x_wconf 79' lang='lat' dir='ltr'><strong>emunat‘,</strong></span> 
     </span>
     <span class='ocr_line' id='line_1_25' title="bbox 680 4493 2179 4625; baseline 0.003 -38"><span class='ocrx_word' id='word_1_167' title='bbox 680 4496 803 4604; x_wconf 84' lang='lat' dir='ltr'><strong>sicut</strong></span> <span class='ocrx_word' id='word_1_168' title='bbox 827 4497 1058 4625; x_wconf 86' lang='lat' dir='ltr'><strong>sanguise</strong></span> <span class='ocrx_word' id='word_1_169' title='bbox 1083 4493 1551 4612; x_wconf 81' lang='lat' dir='ltr'><strong>cordisrentricuiis,</strong></span> <span class='ocrx_word' id='word_1_170' title='bbox 1580 4498 1796 4620; x_wconf 85' lang='lat' dir='ltr'><strong>quamvis</strong></span> <span class='ocrx_word' id='word_1_171' title='bbox 1825 4499 1878 4590; x_wconf 91' lang='lat' dir='ltr'><strong>in</strong></span> <span class='ocrx_word' id='word_1_172' title='bbox 1904 4497 2179 4624; x_wconf 88' lang='lat' dir='ltr'><strong>encephalo,</strong></span> 
     </span>
     <span class='ocr_line' id='line_1_26' title="bbox 682 4648 2181 4785; baseline 0.003 -41"><span class='ocrx_word' id='word_1_173' title='bbox 682 4648 891 4744; x_wconf 91' lang='lat' dir='ltr'><strong>medulla</strong></span> <span class='ocrx_word' id='word_1_174' title='bbox 922 4649 1101 4776; x_wconf 81' lang='lat' dir='ltr'><strong>spinuli·</strong></span> <span class='ocrx_word' id='word_1_175' title='bbox 1127 4670 1271 4773; x_wconf 85' lang='lat' dir='ltr'><strong>atque</strong></span> <span class='ocrx_word' id='word_1_176' title='bbox 1289 4649 1495 4785; x_wconf 56' lang='lat' dir='ltr'><strong>&#39;gangliis</strong></span> <span class='ocrx_word' id='word_1_177' title='bbox 1527 4651 1703 4777; x_wconf 89' lang='lat' dir='ltr'><strong>majore</strong></span> <span class='ocrx_word' id='word_1_178' title='bbox 1734 4651 1865 4780; x_wconf 87' lang='lat' dir='ltr'><strong>copia</strong></span> <span class='ocrx_word' id='word_1_179' title='bbox 1892 4654 2181 4779; x_wconf 87' lang='lat' dir='ltr'><strong>producatur</strong></span> 
     </span>
     <span class='ocr_line' id='line_1_27' title="bbox 680 4805 2179 4934; baseline 0.002 -35"><span class='ocrx_word' id='word_1_180' title='bbox 680 4830 872 4934; x_wconf 89' lang='lat' dir='ltr'><strong>propter</strong></span> <span class='ocrx_word' id='word_1_181' title='bbox 899 4805 1135 4933; x_wconf 72' lang='lat' dir='ltr'><strong>majoremr</strong></span> <span class='ocrx_word' id='word_1_182' title='bbox 1152 4831 1377 4920; x_wconf 22' lang='lat' dir='ltr'><strong>vasorum.</strong></span> <span class='ocrx_word' id='word_1_183' title='bbox 1393 4805 1686 4933; x_wconf 82' lang='lat' dir='ltr'><strong>apparatum.</strong></span> <span class='ocrx_word' id='word_1_184' title='bbox 1730 4807 1861 4901; x_wconf 87' lang='lat' dir='ltr'><strong>Istud</strong></span> <span class='ocrx_word' id='word_1_185' title='bbox 1887 4808 2179 4934; x_wconf 88' lang='lat' dir='ltr'><strong>principium</strong></span> 
     </span>
     <span class='ocr_line' id='line_1_28' title="bbox 680 4960 2182 5090; baseline 0.001 -35"><span class='ocrx_word' id='word_1_186' title='bbox 680 4963 770 5060; x_wconf 89' lang='lat' dir='ltr'><strong>sub</strong></span> <span class='ocrx_word' id='word_1_187' title='bbox 785 4962 935 5089; x_wconf 88' lang='lat' dir='ltr'><strong>specie</strong></span> <span class='ocrx_word' id='word_1_188' title='bbox 949 4960 1126 5054; x_wconf 89' lang='lat' dir='ltr'><strong>halitus</strong></span> <span class='ocrx_word' id='word_1_189' title='bbox 1147 4986 1229 5054; x_wconf 85' lang='lat' dir='ltr'><strong>seu</strong></span> <span class='ocrx_word' id='word_1_190' title='bbox 1246 4961 1428 5088; x_wconf 84' lang='lat' dir='ltr'><strong>vaporis</strong></span> <span class='ocrx_word' id='word_1_191' title='bbox 1447 4993 1698 5060; x_wconf 84' lang='lat' dir='ltr'><strong>nervorum</strong></span> <span class='ocrx_word' id='word_1_192' title='bbox 1714 4962 1917 5056; x_wconf 87' lang='lat' dir='ltr'><strong>stamina</strong></span> <span class='ocrx_word' id='word_1_193' title='bbox 1935 4965 2182 5090; x_wconf 71' lang='lat' dir='ltr'><strong>pervader&#39;d</strong></span> 
     </span>
     <span class='ocr_line' id='line_1_29' title="bbox 681 5116 2181 5244; baseline 0.003 -36"><span class='ocrx_word' id='word_1_194' title='bbox 681 5119 910 5244; x_wconf 92' lang='lat' dir='ltr'><strong>suspicor,</strong></span> <span class='ocrx_word' id='word_1_195' title='bbox 946 5116 1281 5242; x_wconf 61' lang='lat' dir='ltr'><strong>ac2.proprium</strong></span> <span class='ocrx_word' id='word_1_196' title='bbox 1316 5146 1410 5244; x_wconf 80' lang='lat' dir='ltr'><strong>guz</strong></span> <span class='ocrx_word' id='word_1_197' title='bbox 1437 5117 1731 5234; x_wconf 56' lang='lat' dir='ltr'><strong>⁴constituere</strong></span> <span class='ocrx_word' id='word_1_198' title='bbox 1761 5148 2005 5214; x_wconf 83' lang='lat' dir='ltr'><strong>nervosum</strong></span> <span class='ocrx_word' id='word_1_199' title='bbox 2038 5140 2181 5244; x_wconf 85' lang='lat' dir='ltr'><strong>atquc</strong></span> 
     </span>
     <span class='ocr_line' id='line_1_30' title="bbox 683 5267 2182 5410; baseline 0.003 -47"><span class='ocrx_word' id='word_1_200' title='bbox 683 5269 1077 5398; x_wconf 85' lang='lat' dir='ltr'><strong>imponderabile,</strong></span> <span class='ocrx_word' id='word_1_201' title='bbox 1097 5271 1227 5410; x_wconf 84' lang='lat' dir='ltr'><strong>quod</strong></span> <span class='ocrx_word' id='word_1_202' title='bbox 1247 5269 1370 5372; x_wconf 88' lang='lat' dir='ltr'><strong>nulli</strong></span> <span class='ocrx_word' id='word_1_203' title='bbox 1390 5267 1631 5382; x_wconf 70' lang='lat' dir='ltr'><strong>assimilari</strong></span> <span class='ocrx_word' id='word_1_204' title='bbox 1658 5289 1811 5399; x_wconf 74' lang='lat' dir='ltr'><strong>potest</strong></span> <span class='ocrx_word' id='word_1_205' title='bbox 1833 5271 2002 5391; x_wconf 89' lang='lat' dir='ltr'><strong>ssuido,</strong></span> <span class='ocrx_word' id='word_1_206' title='bbox 2027 5279 2182 5404; x_wconf 77' lang='lat' dir='ltr'><strong>r&#39;tequp</strong></span> 
     </span>
    </p>
   </div>
   <div class='ocr_carea' id='block_1_3' title="bbox 0 0 2542 6816">
    <p class='ocr_par' dir='ltr' id='par_1_4' title="bbox 0 0 2542 6816">
     <span class='ocr_line' id='line_1_31' title="bbox 0 0 2542 6816; baseline 0 2"><span class='ocrx_word' id='word_1_207' title='bbox 0 0 2542 6816; x_wconf 95' lang='lat' dir='ltr'><strong> </strong></span> 
     </span>
    </p>
   </div>
  </div>
 </body>
</html>
