5080 6812
1416 690 1480 764 20

681 876 746 970 in
779 898 936 968 unum
970 890 1200 982 truncum
1229 871 1526 989 coalescunt,
1563 875 1639 968 cui
1664 869 1973 1006 splonclmici
1990 883 2203 1018 majoris

683 1059 871 1140 ,nomen
906 1031 1185 1158 impositum
1208 1050 1295 1144 est,
1319 1051 1367 1122 et
1397 1029 1481 1153 qui
1501 1063 1586 1158 per
1611 1031 1800 1125 hiatum
1832 1035 1957 1130 inter
1983 1043 2199 1167 primum

691 1218 745 1278 ac
770 1187 1035 1294 secundum
1059 1207 1255 1296 crurum
1286 1185 1652 1316 diaphragmatis
1676 1187 1952 1298 fasciculum
1975 1196 2037 1290 in
2061 1201 2202 1304 abdo,-

681 1343 837 1436 minis
861 1344 1108 1452 cavitatem
1136 1362 1364 1468 penetrat.
1392 1341 1471 1436 W
1471 1336 1676 1472 rv'sberg'
1702 1376 1961 1442 numerum
1984 1356 2199 1454 radicum

688 1499 818 1592 nervi
852 1496 1172 1623 splanchnici,
1210 1498 1474 1592 minimum
1505 1530 1605 1594 non
1637 1501 1759 1594 infra
1789 1523 1901 1620 tres,
1932 1510 2198 1612 maximum

682 1685 798 1766 non
823 1653 950 1747 ultra
982 1675 1086 1750 octo
1120 1653 1250 1748 vidit.
1373 1755 1377 1764 ,
1759 1757 1764 1767 ,
2028 1757 2033 1770 ,
2083 1765 2086 1772 ,

648 1853 649 1856 ¹
761 1810 970 1906 Nervus
957 1832 1042 1924 rste
1058 1791 1391 1940 oplonehnicos
1410 1751 1677 1939 appeilatnr
1694 1811 1853 1945 major
1871 1817 2062 1938 ideirco,
2083 1831 2197 1950 quia

687 1966 934 2065 interdum
954 1965 1081 2067 alius
1107 1998 1132 2057 e
1156 1965 1355 2094 gangliis
1381 1967 1628 2062 ‚thoracicis
1656 2002 1785 2066 nono
1811 1995 1861 2066 et
1886 1976 2069 2084 decimo
2094 2017 2199 2110 pro-

682 2117 912 2238 ficiscitur
941 2119 1191 2242 funiculus
1210 2145 1426 2238 nerveus‚
1452 2123 1532 2216 sed
1559 2126 1732 2238 minor,
1764 2128 1848 2251 qui
1878 2163 1961 2256 per
1988 2138 2195 2240 eundem

680 2273 895 2392 hiatum,
923 2311 977 2375 ac
1000 2275 1336 2405 splanchnicus
1360 2280 1530 2406 major,
1561 2280 1612 2392 in
1641 2281 1879 2390 abdomen
1904 2293 2097 2408 transit,
2130 2317 2199 2389 at-

679 2465 781 2557 ·que
809 2435 861 2525 in
882 2433 1075 2561 plexum
1098 2433 1299 2547 solarem
1322 2467 1435 2546 mox
1454 2435 1814 2546 describendum
1836 2473 1929 2534 sese
1947 2443 2195 2578 immergit.

680 2693 702 2702 χ,
755 2590 983 2714 ¹Denique
1020 2590 1141 2681 alius
1177 2591 1256 2700 sed
1289 2611 1509 2698 constans
1549 2592 1678 2685 adest
1714 2625 1898 2711 ramus,
1943 2605 2195 2733 egangliis

686 2746 941 2864 undecimo
975 2767 1022 2855 et
1051 2745 1331 2858 duodecimo
1359 2768 1551 2860 enatus,
1591 2748 1676 2869 qui
1702 2781 1788 2876 per
1814 2757 2065 2882 proprium
2097 2761 2195 2856 hia.

683 2921 791 3018 tum
836 2903 888 2993 in
924 2901 1142 3016 cruribus
1181 2901 1547 3030 diaphragmatis
1582 2903 1635 2997 in
1667 2905 1904 3016 abdomen
1944 2937 2192 3037 penetrat,

684 3049 850 3180 atque,
875 3058 934 3152 ad
960 3089 1121 3152 renem
1140 3058 1360 3174 tendens,
1391 3037 1549 3187 plexui
1574 3045 1722 3153 renali
1744 3094 1791 3154 se
1817 3063 2068 3185 immiscet,
2093 3105 2192 3196 quo

665 3213 864 3307 ¹sactum
888 3235 975 3328 est,
1000 3234 1058 3306 ut
1082 3245 1252 3325 nervus
1274 3236 1583 3344 nuncupatus
1599 3215 1660 3309 sit
1678 3213 1867 3316 venalis.
1901 3222 2027 3328 Huic
2049 3257 2191 3354 nervo

689 3367 769 3464 W
759 3365 967 3500 rr'sberg'
983 3401 1161 3464 nomen
1179 3366 1475 3510 splanclmiei
1496 3371 1693 3466 minoris
1718 3374 1945 3502 imponit,
1963 3381 2190 3514 priorem,

681 3556 827 3649 quem
860 3522 1054 3628 Walter
1065 3524 1221 3618 ..etiam
1249 3526 1385 3640 citat,
1407 3557 1519 3636 ¹non
1549 3527 1805 3642 inveniens.

666 3747 672 3758 ·
752 3687 794 3804 ς.
817 3711 896 3810 29.
925 3685 993 3798 ln,
1012 3713 1118 3776 nno
1141 3684 1362 3784 ⁴cadavere
1386 3683 1619 3778 observavi
1643 3684 1866 3814 ganglion
1891 3722 2050 3801 unum
2072 3669 2192 3792 inso

672 3838 895 3954 litum,
882 3870 935 3932 in
968 3860 1174 3962 utroque
1200 3837 1348 3946 latere
1361 3837 1518 3966 spinae
1548 3839 1671 3949 dorsi
1679 3842 1940 3978 positum,
1987 3871 2131 3974 atque
2154 3821 2190 3947 a

674 4027 825 4150 ¹nervo
842 3993 1151 4122 splanchnico
1175 3995 1344 4120 majori
1333 3994 1656 4124 productum
1674 4017 1936 4122 antequam
1959 4037 1984 4098 e
2004 4031 2191 4134 pectore

682 4137 929 4247 emerserit
940 4131 1278 4244 Diametrum
1311 4148 1485 4244 habuit
1522 4150 1729 4268 duarum
1765 4151 2026 4298 linearum,
2063 4163 2192 4313 lunae

681 4329 891 4424 cornutae
916 4306 1116 4421 simile,
1125 4339 1151 4400 e
1186 4304 1323 4432 cujus
1356 4307 1646 4422 convexitate
1673 4339 1751 4402 sex
1776 4310 1837 4405 ad
1865 4291 1971 4426 octo
1996 4321 2191 4430 exibant

682 4461 926 4584 filamenta
949 4463 1114 4570 tenuia
1136 4484 1318 4560 aortam
1352 4464 1651 4595 comitantia,
1677 4468 1756 4580 sed
1779 4471 1943 4576 omnia
1959 4475 2022 4580 in
2049 4509 2189 4591 earne

683 4620 1168 4740 muscularicrurum
1201 4618 1569 4748 diaphragmatis
1599 4620 1835 4738 absumta,
1928 4717 1933 4740 ,
1984 4721 1989 4736 ⁸
2064 4717 2071 4738 ,
2124 4709 2171 4747 ,,

730 4869 731 4874 ι
757 4779 815 4869 In
847 4775 940 4870 alio
969 4776 1209 4892 cadavere,
1243 4805 1393 4899 eoque
1424 4775 1650 4890 hominis⁴
1670 4776 1846 4895 idiotae,
1868 4783 2089 4912 ganglion
2119 4789 2190 4903 in·

673 4933 788 5052 veni
810 4933 1311 5062 :supernumerarinm„
1351 4907 1433 5029 sed
1449 4932 1809 5080 ‚antecedente
1841 4935 2187 5082 aliquomodo

1257 5189 1262 5202 ι
1393 5191 1398 5202 .
1999 5165 2170 5216 ...1

721 5281 1371 5374 {howswa-*³leffriniffl
1452 5350 1455 5358 ,
1657 5351 1666 5366 .
1725 5289 1730 5364 J
1794 5357 1798 5364 .
1889 5359 1892 5368 Δ
1965 5323 2003 5368 ἰ,
2121 5325 2170 5366 .·
