<?xml version="1.0" encoding="UTF-8"?>
<!DOCTYPE html PUBLIC "-//W3C//DTD XHTML 1.0 Transitional//EN"
    "http://www.w3.org/TR/xhtml1/DTD/xhtml1-transitional.dtd">
<html xmlns="http://www.w3.org/1999/xhtml" xml:lang="en" lang="en">
 <head>
  <title>
</title>
<meta http-equiv="Content-Type" content="text/html;charset=utf-8" />
  <meta name='ocr-system' content='tesseract 3.04.00' />
  <meta name='ocr-capabilities' content='ocr_page ocr_carea ocr_par ocr_line ocrx_word'/>
</head>
<body>
  <div class='ocr_page' id='page_1' title='image "./denervisympathe00lobsgoog_0061.png"; bbox 0 0 5080 6812; ppageno 0'>
   <div class='ocr_carea' id='block_1_1' title="bbox 1390 691 1461 818">
    <p class='ocr_par' dir='ltr' id='par_1_1' title="bbox 1390 691 1461 818">
     <span class='ocr_line' id='line_1_1' title="bbox 1390 691 1461 818; baseline -0.028 -18"><span class='ocrx_word' id='word_1_1' title='bbox 1390 691 1461 818; x_wconf 71' lang='lat'><strong>44.</strong></span> 
     </span>
    </p>
   </div>
   <div class='ocr_carea' id='block_1_2' title="bbox 561 891 2303 5068">
    <p class='ocr_par' dir='ltr' id='par_1_2' title="bbox 561 891 2303 5068">
     <span class='ocr_line' id='line_1_2' title="bbox 667 891 2177 1024; baseline 0.001 -35"><span class='ocrx_word' id='word_1_2' title='bbox 667 895 762 991; x_wconf 83' lang='lat' dir='ltr'><strong>vidi</strong></span> <span class='ocrx_word' id='word_1_3' title='bbox 793 893 1009 994; x_wconf 78' lang='lat' dir='ltr'><strong>nervulos</strong></span> <span class='ocrx_word' id='word_1_4' title='bbox 1035 895 1153 990; x_wconf 89' lang='lat' dir='ltr'><strong>duos</strong></span> <span class='ocrx_word' id='word_1_5' title='bbox 1175 928 1211 992; x_wconf 83' lang='lat' dir='ltr'><strong>e.</strong></span> <span class='ocrx_word' id='word_1_6' title='bbox 1224 896 1436 989; x_wconf 87' lang='lat' dir='ltr'><strong>cardiaco</strong></span> <span class='ocrx_word' id='word_1_7' title='bbox 1461 891 1741 1024; x_wconf 87' lang='lat' dir='ltr'><strong>superficiali</strong></span> <span class='ocrx_word' id='word_1_8' title='bbox 1771 895 1821 988; x_wconf 91' lang='lat' dir='ltr'><strong>in</strong></span> <span class='ocrx_word' id='word_1_9' title='bbox 1847 894 2009 989; x_wconf 89' lang='lat' dir='ltr'><strong>dextro</strong></span> <span class='ocrx_word' id='word_1_10' title='bbox 2033 893 2177 990; x_wconf 85' lang='lat' dir='ltr'><strong>latere</strong></span> 
     </span>
     <span class='ocr_line' id='line_1_3' title="bbox 581 1050 2187 1178; baseline 0 -34"><span class='ocrx_word' id='word_1_11' title='bbox 581 1105 585 1118; x_wconf 86' lang='lat'><strong>·</strong></span> <span class='ocrx_word' id='word_1_12' title='bbox 670 1074 832 1144; x_wconf 83' lang='lat' dir='ltr'><strong>enatos</strong></span> <span class='ocrx_word' id='word_1_13' title='bbox 881 1050 1021 1169; x_wconf 89' lang='lat' dir='ltr'><strong>(huic</strong></span> <span class='ocrx_word' id='word_1_14' title='bbox 1053 1084 1195 1145; x_wconf 84' lang='lat' dir='ltr'><strong>nervo</strong></span> <span class='ocrx_word' id='word_1_15' title='bbox 1231 1083 1410 1144; x_wconf 84' lang='lat' dir='ltr'><strong>novum</strong></span> <span class='ocrx_word' id='word_1_16' title='bbox 1445 1051 1592 1146; x_wconf 85' lang='lat' dir='ltr'><strong>robur</strong></span> <span class='ocrx_word' id='word_1_17' title='bbox 1623 1051 1871 1143; x_wconf 87' lang='lat' dir='ltr'>accedebat</span> <span class='ocrx_word' id='word_1_18' title='bbox 1907 1051 1957 1141; x_wconf 96' lang='lat' dir='ltr'><strong>in</strong></span> <span class='ocrx_word' id='word_1_19' title='bbox 1991 1052 2187 1178; x_wconf 84' lang='lat' dir='ltr'><strong>ganglio</strong></span> 
     </span>
     <span class='ocr_line' id='line_1_4' title="bbox 670 1205 2177 1330; baseline 0.001 -31"><span class='ocrx_word' id='word_1_20' title='bbox 670 1205 879 1300; x_wconf 85' lang='lat' dir='ltr'><strong>cervicali</strong></span> <span class='ocrx_word' id='word_1_21' title='bbox 900 1207 1095 1323; x_wconf 85' lang='lat' dir='ltr'><strong>medio),</strong></span> <span class='ocrx_word' id='word_1_22' title='bbox 1115 1229 1258 1330; x_wconf 88' lang='lat' dir='ltr'><strong>atque</strong></span> <span class='ocrx_word' id='word_1_23' title='bbox 1280 1208 1496 1301; x_wconf 92' lang='lat' dir='ltr'><strong>tunicam</strong></span> <span class='ocrx_word' id='word_1_24' title='bbox 1513 1206 1738 1299; x_wconf 82' lang='lat' dir='ltr'><strong>extimam</strong></span> <span class='ocrx_word' id='word_1_25' title='bbox 1758 1237 1892 1299; x_wconf 89' lang='lat' dir='ltr'><strong>arcus</strong></span> <span class='ocrx_word' id='word_1_26' title='bbox 1909 1229 2049 1299; x_wconf 84' lang='lat' dir='ltr'><strong>aortae</strong></span> <span class='ocrx_word' id='word_1_27' title='bbox 2065 1229 2177 1300; x_wconf 90' lang='lat' dir='ltr'><strong>ante</strong></span> 
     </span>
     <span class='ocr_line' id='line_1_5' title="bbox 670 1360 2176 1490; baseline -0.001 -35"><span class='ocrx_word' id='word_1_28' title='bbox 670 1361 899 1490; x_wconf 75' lang='lat' dir='ltr'><strong>originem</strong></span> <span class='ocrx_word' id='word_1_29' title='bbox 934 1361 1109 1453; x_wconf 86' lang='lat' dir='ltr'><strong>arteriae</strong></span> <span class='ocrx_word' id='word_1_30' title='bbox 1142 1362 1455 1456; x_wconf 70' lang='lat' dir='ltr'><strong>innominata</strong></span> <span class='ocrx_word' id='word_1_31' title='bbox 1486 1361 1797 1487; x_wconf 79' lang='lat' dir='ltr'><strong>perforantes,</strong></span> <span class='ocrx_word' id='word_1_32' title='bbox 1834 1394 1889 1452; x_wconf 91' lang='lat' dir='ltr'><strong>ac</strong></span> <span class='ocrx_word' id='word_1_33' title='bbox 1928 1360 1979 1452; x_wconf 91' lang='lat' dir='ltr'><strong>in</strong></span> <span class='ocrx_word' id='word_1_34' title='bbox 2012 1361 2176 1454; x_wconf 88' lang='lat' dir='ltr'><strong>tunica</strong></span> 
     </span>
     <span class='ocr_line' id='line_1_6' title="bbox 670 1513 2191 1644; baseline 0 -35"><span class='ocrx_word' id='word_1_35' title='bbox 670 1516 825 1609; x_wconf 88' lang='lat' dir='ltr'><strong>media</strong></span> <span class='ocrx_word' id='word_1_36' title='bbox 859 1547 940 1609; x_wconf 87' lang='lat' dir='ltr'><strong>seu</strong></span> <span class='ocrx_word' id='word_1_37' title='bbox 975 1513 1144 1608; x_wconf 91' lang='lat' dir='ltr'><strong>fibrosa</strong></span> <span class='ocrx_word' id='word_1_38' title='bbox 1183 1517 1424 1638; x_wconf 83' lang='lat' dir='ltr'><strong>absumtos</strong></span> <span class='ocrx_word' id='word_1_39' title='bbox 1438 1554 1462 1644; x_wconf 43' lang='lat'><strong>3,</strong></span> <span class='ocrx_word' id='word_1_40' title='bbox 1488 1538 1535 1606; x_wconf 88' lang='lat' dir='ltr'><strong>et</strong></span> <span class='ocrx_word' id='word_1_41' title='bbox 1568 1516 1620 1607; x_wconf 93' lang='lat' dir='ltr'><strong>in</strong></span> <span class='ocrx_word' id='word_1_42' title='bbox 1650 1517 1868 1640; x_wconf 80' lang='lat' dir='ltr'><strong>cadavere</strong></span> <span class='ocrx_word' id='word_1_43' title='bbox 1903 1516 2041 1632; x_wconf 84' lang='lat' dir='ltr'><strong>foetus</strong></span> <span class='ocrx_word' id='word_1_44' title='bbox 2077 1549 2191 1643; x_wconf 63' lang='lat' dir='ltr'><strong>per·¹</strong></span> 
     </span>
     <span class='ocr_line' id='line_1_7' title="bbox 670 1644 2174 1798; baseline 0.001 -36"><span class='ocrx_word' id='word_1_45' title='bbox 670 1670 777 1763; x_wconf 85' lang='lat' dir='ltr'><strong>fecti</strong></span> <span class='ocrx_word' id='word_1_46' title='bbox 819 1672 997 1797; x_wconf 89' lang='lat' dir='ltr'><strong>optime</strong></span> <span class='ocrx_word' id='word_1_47' title='bbox 1035 1644 1241 1798; x_wconf 81' lang='lat' dir='ltr'><strong>perspexi</strong></span> <span class='ocrx_word' id='word_1_48' title='bbox 1270 1683 1423 1794; x_wconf 76' lang='lat' dir='ltr'><strong>&#39;atquc</strong></span> <span class='ocrx_word' id='word_1_49' title='bbox 1470 1669 1573 1763; x_wconf 89' lang='lat' dir='ltr'><strong>aliis</strong></span> <span class='ocrx_word' id='word_1_50' title='bbox 1609 1672 1864 1768; x_wconf 84' lang='lat' dir='ltr'><strong>monstravi</strong></span> <span class='ocrx_word' id='word_1_51' title='bbox 1902 1670 2174 1785; x_wconf 89' lang='lat' dir='ltr'><strong>ramulum,</strong></span> 
     </span>
     <span class='ocr_line' id='line_1_8' title="bbox 671 1805 2196 1962; baseline -0.001 -42"><span class='ocrx_word' id='word_1_52' title='bbox 671 1805 1000 1920; x_wconf 83' lang='lat' dir='ltr'><strong>membranam</strong></span> <span class='ocrx_word' id='word_1_53' title='bbox 1034 1847 1173 1918; x_wconf 86' lang='lat' dir='ltr'><strong>aortae</strong></span> <span class='ocrx_word' id='word_1_54' title='bbox 1207 1825 1476 1954; x_wconf 79' lang='lat' dir='ltr'><strong>cellulosam</strong></span> <span class='ocrx_word' id='word_1_55' title='bbox 1511 1826 1867 1962; x_wconf 79' lang='lat' dir='ltr'><strong>perforantem,</strong></span> <span class='ocrx_word' id='word_1_56' title='bbox 1888 1856 2014 1953; x_wconf 86' lang='lat' dir='ltr'><strong>pone</strong></span> <span class='ocrx_word' id='word_1_57' title='bbox 2041 1827 2196 1954; x_wconf 57' lang='lat' dir='ltr'><strong>origi,</strong></span> 
     </span>
     <span class='ocr_line' id='line_1_9' title="bbox 673 1979 2175 2106; baseline -0.002 -30"><span class='ocrx_word' id='word_1_58' title='bbox 673 2014 785 2076; x_wconf 89' lang='lat' dir='ltr'><strong>nem</strong></span> <span class='ocrx_word' id='word_1_59' title='bbox 824 1982 1000 2074; x_wconf 85' lang='lat' dir='ltr'><strong>arteriae</strong></span> <span class='ocrx_word' id='word_1_60' title='bbox 1037 1980 1281 2072; x_wconf 85' lang='lat' dir='ltr'><strong>subclariae</strong></span> <span class='ocrx_word' id='word_1_61' title='bbox 1321 1979 1538 2090; x_wconf 73' lang='lat' dir='ltr'><strong>sinistrae,</strong></span> <span class='ocrx_word' id='word_1_62' title='bbox 1582 2001 1629 2072; x_wconf 89' lang='lat' dir='ltr'><strong>ct</strong></span> <span class='ocrx_word' id='word_1_63' title='bbox 1666 1980 1718 2074; x_wconf 92' lang='lat' dir='ltr'><strong>in</strong></span> <span class='ocrx_word' id='word_1_64' title='bbox 1761 1980 1924 2072; x_wconf 88' lang='lat' dir='ltr'><strong>tunica</strong></span> <span class='ocrx_word' id='word_1_65' title='bbox 1966 1979 2175 2106; x_wconf 85' lang='lat' dir='ltr'><strong>ejusdem</strong></span> 
     </span>
     <span class='ocr_line' id='line_1_10' title="bbox 671 2129 2175 2258; baseline -0.001 -29"><span class='ocrx_word' id='word_1_66' title='bbox 671 2133 841 2230; x_wconf 86' lang='lat' dir='ltr'><strong>fibrosa</strong></span> <span class='ocrx_word' id='word_1_67' title='bbox 873 2138 1160 2228; x_wconf 85' lang='lat' dir='ltr'><strong>absumtum.</strong></span> <span class='ocrx_word' id='word_1_68' title='bbox 1197 2135 1275 2228; x_wconf 92' lang='lat' dir='ltr'><em>W</em></span> <span class='ocrx_word' id='word_1_69' title='bbox 1264 2129 1412 2229; x_wconf 84' lang='lat' dir='ltr'><strong>alter¹</strong></span> <span class='ocrx_word' id='word_1_70' title='bbox 1443 2134 1606 2228; x_wconf 89' lang='lat' dir='ltr'><strong>itidem</strong></span> <span class='ocrx_word' id='word_1_71' title='bbox 1624 2135 1684 2227; x_wconf 90' lang='lat' dir='ltr'><strong>de</strong></span> <span class='ocrx_word' id='word_1_72' title='bbox 1710 2137 1851 2229; x_wconf 84' lang='lat' dir='ltr'><strong>&#39;ramis</strong></span> <span class='ocrx_word' id='word_1_73' title='bbox 1873 2135 2089 2258; x_wconf 91' lang='lat' dir='ltr'><strong>loquitur</strong></span> <span class='ocrx_word' id='word_1_74' title='bbox 2115 2137 2175 2228; x_wconf 93' lang='lat' dir='ltr'><strong>ad</strong></span> 
     </span>
     <span class='ocr_line' id='line_1_11' title="bbox 672 2288 2192 2424; baseline 0.001 -41"><span class='ocrx_word' id='word_1_75' title='bbox 672 2292 871 2386; x_wconf 88' lang='lat' dir='ltr'><strong>eandem</strong></span> <span class='ocrx_word' id='word_1_76' title='bbox 899 2291 1137 2404; x_wconf 91' lang='lat' dir='ltr'><strong>tunicam,</strong></span> <span class='ocrx_word' id='word_1_77' title='bbox 1166 2322 1316 2412; x_wconf 91' lang='lat' dir='ltr'><strong>quam</strong></span> <span class='ocrx_word' id='word_1_78' title='bbox 1345 2323 1430 2414; x_wconf 92' lang='lat' dir='ltr'><strong>pro</strong></span> <span class='ocrx_word' id='word_1_79' title='bbox 1464 2288 1718 2384; x_wconf 90' lang='lat' dir='ltr'><strong>musculari</strong></span> <span class='ocrx_word' id='word_1_80' title='bbox 1744 2289 1910 2402; x_wconf 85' lang='lat' dir='ltr'><strong>habet,</strong></span> <span class='ocrx_word' id='word_1_81' title='bbox 1938 2291 2192 2424; x_wconf 35' lang='lat' dir='ltr'><strong>euntibus..</strong></span> 
     </span>
     <span class='ocr_line' id='line_1_12' title="bbox 670 2415 2176 2571; baseline -0.001 -32"><span class='ocrx_word' id='word_1_82' title='bbox 670 2446 911 2569; x_wconf 71' lang='lat' dir='ltr'><strong>Denique¹</strong></span> <span class='ocrx_word' id='word_1_83' title='bbox 937 2448 1079 2538; x_wconf 91' lang='lat' dir='ltr'><strong>modo</strong></span> <span class='ocrx_word' id='word_1_84' title='bbox 1115 2415 1287 2537; x_wconf 88' lang='lat' dir='ltr'><strong>citatus</strong></span> <span class='ocrx_word' id='word_1_85' title='bbox 1323 2445 1465 2537; x_wconf 79' lang='lat' dir='ltr'><strong>Lucre</strong></span> <span class='ocrx_word' id='word_1_86' title='bbox 1506 2443 1718 2538; x_wconf 90' lang='lat' dir='ltr'><strong>surculos</strong></span> <span class='ocrx_word' id='word_1_87' title='bbox 1756 2445 1994 2571; x_wconf 86' lang='lat' dir='ltr'><strong>descripsit</strong></span> <span class='ocrx_word' id='word_1_88' title='bbox 2032 2467 2176 2569; x_wconf 88' lang='lat' dir='ltr'><strong>atque</strong></span> 
     </span>
     <span class='ocr_line' id='line_1_13' title="bbox 673 2599 2181 2726; baseline 0.001 -33"><span class='ocrx_word' id='word_1_89' title='bbox 673 2601 807 2693; x_wconf 90' lang='lat' dir='ltr'><strong>icone</strong></span> <span class='ocrx_word' id='word_1_90' title='bbox 825 2601 1042 2726; x_wconf 85' lang='lat' dir='ltr'><strong>expressit</strong></span> <span class='ocrx_word' id='word_1_91' title='bbox 1065 2599 1222 2726; x_wconf 87' lang='lat' dir='ltr'><strong>plures</strong></span> <span class='ocrx_word' id='word_1_92' title='bbox 1240 2633 1326 2725; x_wconf 92' lang='lat' dir='ltr'><strong>pro</strong></span> <span class='ocrx_word' id='word_1_93' title='bbox 1354 2600 1516 2692; x_wconf 90' lang='lat' dir='ltr'><strong>tunica</strong></span> <span class='ocrx_word' id='word_1_94' title='bbox 1540 2600 1693 2692; x_wconf 88' lang='lat' dir='ltr'><strong>media</strong></span> <span class='ocrx_word' id='word_1_95' title='bbox 1722 2600 1899 2694; x_wconf 84' lang='lat' dir='ltr'><strong>arteriae</strong></span> <span class='ocrx_word' id='word_1_96' title='bbox 1915 2599 2181 2695; x_wconf 84' lang='lat' dir='ltr'><strong>brachialis.</strong></span> 
     </span>
     <span class='ocr_line' id='line_1_14' title="bbox 744 2749 2177 2884; baseline 0.003 -38"><span class='ocrx_word' id='word_1_97' title='bbox 744 2761 784 2876; x_wconf 77' lang='lat'><strong>§.</strong></span> <span class='ocrx_word' id='word_1_98' title='bbox 812 2749 893 2846; x_wconf 48' lang='lat'><strong>56,</strong></span> <span class='ocrx_word' id='word_1_99' title='bbox 926 2755 1061 2847; x_wconf 92' lang='lat' dir='ltr'><strong>Dum</strong></span> <span class='ocrx_word' id='word_1_100' title='bbox 1085 2755 1469 2847; x_wconf 83' lang='lat' dir='ltr'><strong>distributionem</strong></span> <span class='ocrx_word' id='word_1_101' title='bbox 1497 2754 1626 2846; x_wconf 89' lang='lat' dir='ltr'><strong>nervi</strong></span> <span class='ocrx_word' id='word_1_102' title='bbox 1649 2753 1976 2884; x_wconf 83' lang='lat' dir='ltr'><strong>sympathctici</strong></span> <span class='ocrx_word' id='word_1_103' title='bbox 1996 2777 2177 2850; x_wconf 85' lang='lat' dir='ltr'><strong>attente</strong></span> 
     </span>
     <span class='ocr_line' id='line_1_15' title="bbox 674 2899 2303 3044; baseline 0.001 -42"><span class='ocrx_word' id='word_1_104' title='bbox 674 2911 1049 3044; x_wconf 84' lang='lat' dir='ltr'><strong>consideramus,</strong></span> <span class='ocrx_word' id='word_1_105' title='bbox 1099 2906 1359 3002; x_wconf 86' lang='lat' dir='ltr'><strong>differentia</strong></span> <span class='ocrx_word' id='word_1_106' title='bbox 1401 2908 1537 3001; x_wconf 91' lang='lat' dir='ltr'><strong>nobis</strong></span> <span class='ocrx_word' id='word_1_107' title='bbox 1577 2899 1785 3002; x_wconf 68' lang='lat' dir='ltr'><strong>occurrit=</strong></span> <span class='ocrx_word' id='word_1_108' title='bbox 1824 2933 1995 3003; x_wconf 88' lang='lat' dir='ltr'><strong>notatu</strong></span> <span class='ocrx_word' id='word_1_109' title='bbox 2035 2911 2174 3038; x_wconf 84' lang='lat' dir='ltr'><strong>digna</strong></span> <span class='ocrx_word' id='word_1_110' title='bbox 2300 2935 2303 2942; x_wconf 85' lang='grc'><strong><em>’</em></strong></span> 
     </span>
     <span class='ocr_line' id='line_1_16' title="bbox 561 3064 2177 3189; baseline 0 -31"><span class='ocrx_word' id='word_1_111' title='bbox 561 3069 564 3076; x_wconf 78' lang='grc'>’</span> <span class='ocrx_word' id='word_1_112' title='bbox 675 3065 799 3158; x_wconf 84' lang='lat' dir='ltr'><strong>inter</strong></span> <span class='ocrx_word' id='word_1_113' title='bbox 824 3097 976 3157; x_wconf 90' lang='lat' dir='ltr'><strong>ramos</strong></span> <span class='ocrx_word' id='word_1_114' title='bbox 994 3065 1237 3157; x_wconf 82' lang='lat' dir='ltr'><strong>exteriores</strong></span> <span class='ocrx_word' id='word_1_115' title='bbox 1260 3099 1342 3158; x_wconf 92' lang='lat' dir='ltr'><strong>seu</strong></span> <span class='ocrx_word' id='word_1_116' title='bbox 1362 3064 1830 3177; x_wconf 78' lang='lat' dir='ltr'><strong>eommunicatorios‚</strong></span> <span class='ocrx_word' id='word_1_117' title='bbox 1854 3087 1997 3189; x_wconf 90' lang='lat' dir='ltr'><strong>atque</strong></span> <span class='ocrx_word' id='word_1_118' title='bbox 2023 3098 2177 3158; x_wconf 91' lang='lat' dir='ltr'><strong>ramos</strong></span> 
     </span>
     <span class='ocr_line' id='line_1_17' title="bbox 674 3191 1892 3354; baseline -0.002 -42"><span class='ocrx_word' id='word_1_119' title='bbox 674 3219 940 3332; x_wconf 88' lang='lat' dir='ltr'><strong>interiores,</strong></span> <span class='ocrx_word' id='word_1_120' title='bbox 978 3220 1061 3343; x_wconf 90' lang='lat' dir='ltr'><strong>qui</strong></span> <span class='ocrx_word' id='word_1_121' title='bbox 1092 3220 1151 3348; x_wconf 91' lang='lat' dir='ltr'><strong>ad</strong></span> <span class='ocrx_word' id='word_1_122' title='bbox 1182 3252 1352 3348; x_wconf 85' lang='lat' dir='ltr'><strong>organa</strong></span> <span class='ocrx_word' id='word_1_123' title='bbox 1383 3219 1591 3354; x_wconf 76' lang='lat' dir='ltr'><strong>abeunt.¹</strong></span> <span class='ocrx_word' id='word_1_124' title='bbox 1876 3191 1892 3232; x_wconf 60' lang='lat'><em>³</em></span> 
     </span>
     <span class='ocr_line' id='line_1_18' title="bbox 745 3374 2177 3504; baseline 0.001 -35"><span class='ocrx_word' id='word_1_125' title='bbox 745 3376 1202 3504; x_wconf 86' lang='lat' dir='ltr'><strong>Prioresnunquam</strong></span> <span class='ocrx_word' id='word_1_126' title='bbox 1231 3409 1335 3468; x_wconf 88' lang='lat' dir='ltr'><strong>vasa</strong></span> <span class='ocrx_word' id='word_1_127' title='bbox 1364 3375 1582 3468; x_wconf 88' lang='lat' dir='ltr'><strong>arteriosa</strong></span> <span class='ocrx_word' id='word_1_128' title='bbox 1609 3374 1985 3502; x_wconf 88' lang='lat' dir='ltr'><strong>amplectuntur,</strong></span> <span class='ocrx_word' id='word_1_129' title='bbox 2013 3408 2177 3502; x_wconf 89' lang='lat' dir='ltr'><strong>quam-</strong></span> 
     </span>
     <span class='ocr_line' id='line_1_19' title="bbox 673 3529 2175 3666; baseline 0.003 -44"><span class='ocrx_word' id='word_1_130' title='bbox 673 3531 741 3622; x_wconf 84' lang='lat' dir='ltr'><strong>vis</strong></span> <span class='ocrx_word' id='word_1_131' title='bbox 782 3561 893 3621; x_wconf 89' lang='lat' dir='ltr'><strong>cum</strong></span> <span class='ocrx_word' id='word_1_132' title='bbox 939 3529 1118 3621; x_wconf 86' lang='lat' dir='ltr'><strong>arteriis</strong></span> <span class='ocrx_word' id='word_1_133' title='bbox 1156 3530 1445 3652; x_wconf 87' lang='lat' dir='ltr'><strong>quandoque</strong></span> <span class='ocrx_word' id='word_1_134' title='bbox 1489 3529 1724 3665; x_wconf 87' lang='lat' dir='ltr'><strong>incedant</strong></span> <span class='ocrx_word' id='word_1_135' title='bbox 1789 3531 2005 3666; x_wconf 77' lang='lat' dir='ltr'><strong>Plurimi¹</strong></span> <span class='ocrx_word' id='word_1_136' title='bbox 2032 3533 2175 3626; x_wconf 89' lang='lat' dir='ltr'><strong>etiam</strong></span> 
     </span>
     <span class='ocr_line' id='line_1_20' title="bbox 674 3683 2177 3814; baseline 0.001 -37"><span class='ocrx_word' id='word_1_137' title='bbox 674 3686 849 3814; x_wconf 89' lang='lat' dir='ltr'><strong>absque</strong></span> <span class='ocrx_word' id='word_1_138' title='bbox 879 3683 1057 3776; x_wconf 87' lang='lat' dir='ltr'><strong>arteriis</strong></span> <span class='ocrx_word' id='word_1_139' title='bbox 1083 3684 1336 3778; x_wconf 88' lang='lat' dir='ltr'><strong>comitibus</strong></span> <span class='ocrx_word' id='word_1_140' title='bbox 1364 3684 1678 3814; x_wconf 79' lang='lat' dir='ltr'><strong>reperiuntur.</strong></span> <span class='ocrx_word' id='word_1_141' title='bbox 1725 3689 1989 3811; x_wconf 89' lang='lat' dir='ltr'><strong>Nunquam</strong></span> <span class='ocrx_word' id='word_1_142' title='bbox 2023 3721 2177 3784; x_wconf 87' lang='lat' dir='ltr'><strong>ramos</strong></span> 
     </span>
     <span class='ocr_line' id='line_1_21' title="bbox 674 3820 2176 3968; baseline 0.002 -35"><span class='ocrx_word' id='word_1_143' title='bbox 674 3820 938 3968; x_wconf 80' lang='lat' dir='ltr'><strong>arteriosos,</strong></span> <span class='ocrx_word' id='word_1_144' title='bbox 966 3871 1078 3931; x_wconf 92' lang='lat' dir='ltr'><strong>cum</strong></span> <span class='ocrx_word' id='word_1_145' title='bbox 1107 3836 1198 3931; x_wconf 87' lang='lat' dir='ltr'><strong>fitis</strong></span> <span class='ocrx_word' id='word_1_146' title='bbox 1218 3840 1568 3932; x_wconf 88' lang='lat' dir='ltr'><strong>anastomoticis</strong></span> <span class='ocrx_word' id='word_1_147' title='bbox 1586 3873 1838 3935; x_wconf 84' lang='lat' dir='ltr'><strong>nervorum</strong></span> <span class='ocrx_word' id='word_1_148' title='bbox 1859 3843 2176 3958; x_wconf 88' lang='lat' dir='ltr'><strong>cervicalium,</strong></span> 
     </span>
     <span class='ocr_line' id='line_1_22' title="bbox 675 3993 2179 4124; baseline 0.003 -35"><span class='ocrx_word' id='word_1_149' title='bbox 675 3993 958 4108; x_wconf 84' lang='lat' dir='ltr'><strong>dorsalium,</strong></span> <span class='ocrx_word' id='word_1_150' title='bbox 1000 4017 1112 4108; x_wconf 88' lang='lat' dir='ltr'><strong>etc,</strong></span> <span class='ocrx_word' id='word_1_151' title='bbox 1147 3996 1440 4111; x_wconf 87' lang='lat' dir='ltr'><strong>incedentes,</strong></span> <span class='ocrx_word' id='word_1_152' title='bbox 1485 3996 1771 4124; x_wconf 89' lang='lat' dir='ltr'><strong>deprehendi</strong></span> <span class='ocrx_word' id='word_1_153' title='bbox 1812 3998 1900 4116; x_wconf 90' lang='lat' dir='ltr'><strong>(de</strong></span> <span class='ocrx_word' id='word_1_154' title='bbox 1932 3999 2048 4093; x_wconf 85' lang='lat' dir='ltr'><strong>vasis</strong></span> <span class='ocrx_word' id='word_1_155' title='bbox 2076 4032 2179 4096; x_wconf 87' lang='lat' dir='ltr'><strong>ner·</strong></span> 
     </span>
     <span class='ocr_line' id='line_1_23' title="bbox 674 4149 2176 4279; baseline 0.004 -36"><span class='ocrx_word' id='word_1_156' title='bbox 674 4181 843 4243; x_wconf 83' lang='lat' dir='ltr'><strong>rorum</strong></span> <span class='ocrx_word' id='word_1_157' title='bbox 874 4150 1085 4242; x_wconf 89' lang='lat' dir='ltr'><strong>nutritiis</strong></span> <span class='ocrx_word' id='word_1_158' title='bbox 1115 4149 1245 4241; x_wconf 90' lang='lat' dir='ltr'><strong>enim</strong></span> <span class='ocrx_word' id='word_1_159' title='bbox 1271 4150 1476 4246; x_wconf 92' lang='lat' dir='ltr'><strong>hicnon</strong></span> <span class='ocrx_word' id='word_1_160' title='bbox 1508 4173 1576 4245; x_wconf 87' lang='lat' dir='ltr'><strong>est</strong></span> <span class='ocrx_word' id='word_1_161' title='bbox 1600 4155 1792 4272; x_wconf 88' lang='lat' dir='ltr'><strong>sermo).</strong></span> <span class='ocrx_word' id='word_1_162' title='bbox 1829 4155 2092 4279; x_wconf 89' lang='lat' dir='ltr'><strong>Nunquam</strong></span> <span class='ocrx_word' id='word_1_163' title='bbox 2124 4157 2176 4249; x_wconf 93' lang='lat' dir='ltr'><strong>in</strong></span> 
     </span>
     <span class='ocr_line' id='line_1_24' title="bbox 676 4303 2176 4436; baseline 0.005 -38"><span class='ocrx_word' id='word_1_164' title='bbox 676 4303 884 4400; x_wconf 84' lang='lat' dir='ltr'><strong>ramulos</strong></span> <span class='ocrx_word' id='word_1_165' title='bbox 930 4303 1214 4397; x_wconf 88' lang='lat' dir='ltr'><strong>dividuntur</strong></span> <span class='ocrx_word' id='word_1_166' title='bbox 1255 4305 1331 4398; x_wconf 86' lang='lat' dir='ltr'><strong>isti</strong></span> <span class='ocrx_word' id='word_1_167' title='bbox 1371 4306 1499 4398; x_wconf 80' lang='lat' dir='ltr'><strong>nerui</strong></span> <span class='ocrx_word' id='word_1_168' title='bbox 1545 4309 1871 4404; x_wconf 87' lang='lat' dir='ltr'><strong>anastomotici</strong></span> <span class='ocrx_word' id='word_1_169' title='bbox 1917 4334 2176 4436; x_wconf 86' lang='lat' dir='ltr'><strong>antequam</strong></span> 
     </span>
     <span class='ocr_line' id='line_1_25' title="bbox 676 4457 1576 4599; baseline 0.002 -46"><span class='ocrx_word' id='word_1_170' title='bbox 676 4491 820 4554; x_wconf 83' lang='lat' dir='ltr'><strong>nervo</strong></span> <span class='ocrx_word' id='word_1_171' title='bbox 855 4457 1139 4552; x_wconf 88' lang='lat' dir='ltr'><strong>intercostali</strong></span> <span class='ocrx_word' id='word_1_172' title='bbox 1171 4458 1419 4588; x_wconf 86' lang='lat' dir='ltr'><strong>inosculati</strong></span> <span class='ocrx_word' id='word_1_173' title='bbox 1449 4483 1576 4599; x_wconf 75' lang='lat' dir='ltr'><strong>sunt.</strong></span> 
     </span>
     <span class='ocr_line' id='line_1_26' title="bbox 707 4592 2202 4749; baseline 0.003 -41"><span class='ocrx_word' id='word_1_174' title='bbox 707 4592 712 4601; x_wconf 41' lang='lat'><strong><em>¹</em></strong></span> <span class='ocrx_word' id='word_1_175' title='bbox 747 4613 1024 4708; x_wconf 87' lang='lat' dir='ltr'><strong>Posteriores</strong></span> <span class='ocrx_word' id='word_1_176' title='bbox 1046 4615 1325 4749; x_wconf 87' lang='lat' dir='ltr'><strong>econtrario</strong></span> <span class='ocrx_word' id='word_1_177' title='bbox 1348 4633 1501 4710; x_wconf 88' lang='lat' dir='ltr'><strong>ramos</strong></span> <span class='ocrx_word' id='word_1_178' title='bbox 1521 4617 1641 4711; x_wconf 86' lang='lat' dir='ltr'><strong>dant</strong></span> <span class='ocrx_word' id='word_1_179' title='bbox 1660 4616 1719 4710; x_wconf 89' lang='lat' dir='ltr'><strong>ad</strong></span> <span class='ocrx_word' id='word_1_180' title='bbox 1742 4651 1912 4747; x_wconf 85' lang='lat' dir='ltr'><strong>organa</strong></span> <span class='ocrx_word' id='word_1_181' title='bbox 1930 4651 2202 4748; x_wconf 47' lang='lat' dir='ltr'><strong>properang</strong></span> 
     </span>
     <span class='ocr_line' id='line_1_27' title="bbox 678 4766 2258 4902; baseline 0.006 -44"><span class='ocrx_word' id='word_1_182' title='bbox 678 4789 762 4882; x_wconf 85' lang='lat' dir='ltr'><strong>tes,</strong></span> <span class='ocrx_word' id='word_1_183' title='bbox 788 4766 872 4891; x_wconf 90' lang='lat' dir='ltr'><strong>qui</strong></span> <span class='ocrx_word' id='word_1_184' title='bbox 895 4788 1121 4893; x_wconf 88' lang='lat' dir='ltr'><strong>perpetua</strong></span> <span class='ocrx_word' id='word_1_185' title='bbox 1147 4766 1243 4896; x_wconf 83' lang='lat' dir='ltr'><strong>lege</strong></span> <span class='ocrx_word' id='word_1_186' title='bbox 1264 4771 1453 4864; x_wconf 87' lang='lat' dir='ltr'><strong>arterias</strong></span> <span class='ocrx_word' id='word_1_187' title='bbox 1471 4771 1784 4886; x_wconf 86' lang='lat' dir='ltr'><strong>comitantur,</strong></span> <span class='ocrx_word' id='word_1_188' title='bbox 1803 4775 2183 4902; x_wconf 87' lang='lat' dir='ltr'><strong>amplectuntur,</strong></span> <span class='ocrx_word' id='word_1_189' title='bbox 2251 4811 2258 4826; x_wconf 90' lang='lat'>·</span> 
     </span>
     <span class='ocr_line' id='line_1_28' title="bbox 678 4921 2179 5068; baseline 0.007 -52"><span class='ocrx_word' id='word_1_190' title='bbox 678 4923 856 5068; x_wconf 77' lang='lat' dir='ltr'><strong>retibus</strong></span> <span class='ocrx_word' id='word_1_191' title='bbox 884 4921 981 5016; x_wconf 92' lang='lat' dir='ltr'><strong>suis</strong></span> <span class='ocrx_word' id='word_1_192' title='bbox 998 4922 1261 5052; x_wconf 85' lang='lat' dir='ltr'><strong>stringunt,</strong></span> <span class='ocrx_word' id='word_1_193' title='bbox 1282 4927 1604 5044; x_wconf 89' lang='lat' dir='ltr'><strong>circumdant,</strong></span> <span class='ocrx_word' id='word_1_194' title='bbox 1629 4930 1887 5057; x_wconf 88' lang='lat' dir='ltr'><strong>parietibus</strong></span> <span class='ocrx_word' id='word_1_195' title='bbox 1913 4931 2179 5030; x_wconf 75' lang='lat' dir='ltr'><strong>adhaereutz</strong></span> 
     </span>
    </p>
   </div>
   <div class='ocr_carea' id='block_1_3' title="bbox 727 5263 989 5358">
    <p class='ocr_par' dir='ltr' id='par_1_3' title="bbox 727 5263 989 5358">
     <span class='ocr_line' id='line_1_29' title="bbox 727 5263 989 5358; baseline -0.011 -26"><span class='ocrx_word' id='word_1_196' title='bbox 727 5269 736 5298; x_wconf 86' lang='lat'><strong>¹</strong></span> <span class='ocrx_word' id='word_1_197' title='bbox 761 5267 853 5358; x_wconf 77' lang='lat' dir='ltr'><strong>Loco</strong></span> <span class='ocrx_word' id='word_1_198' title='bbox 876 5263 989 5336; x_wconf 74' lang='lat' dir='ltr'><strong>eiuro.</strong></span> 
     </span>
    </p>
   </div>
   <div class='ocr_carea' id='block_1_4' title="bbox 0 0 2552 6804">
    <p class='ocr_par' dir='ltr' id='par_1_4' title="bbox 0 0 2552 6804">
     <span class='ocr_line' id='line_1_30' title="bbox 0 0 2552 6804; baseline 0 0"><span class='ocrx_word' id='word_1_199' title='bbox 0 0 2552 6804; x_wconf 95' lang='lat' dir='ltr'><strong> </strong></span> 
     </span>
    </p>
   </div>
  </div>
 </body>
</html>
