5076 6816
1361 619 1456 714 118

656 837 946 932 comitentur
960 837 1025 928 'in
1057 833 1330 962 corporibus
1364 836 1621 928 cavernosis
1654 835 1789 962 penis
1820 837 2057 963 profunde
2088 841 2164 932 de-

659 1016 925 1087 currentes:
949 993 997 1087 id
1028 994 1158 1118 quod
1188 1022 1288 1082 non
1315 989 1471 1084 solum
1499 990 1552 1084 in
1583 991 1798 1107 homine,
1825 1025 1990 1087 verum
2018 994 2161 1087 etiam

660 1150 712 1242 in
744 1149 1074 1275 quadrupede,
1103 1169 1150 1240 et
1170 1145 1470 1275 potissimum
1500 1146 1552 1238 in
1580 1177 1703 1272 equo
1715 1145 1740 1262 ¹,
1769 1146 1902 1242 facile
1923 1171 1992 1244 est
2015 1149 2164 1244 obser·

659 1327 787 1400 vatu.
1286 1321 1289 1328 ’

737 1448 804 1555 2.⁰
815 1456 1297 1588 Corporiscrassitudo
1309 1477 1356 1550 et
1368 1476 1517 1550 status
1527 1476 1726 1572 torosus,
1740 1457 1874 1550 certis
1884 1457 2164 1557 hominibus

660 1619 898 1745 proprius,
930 1648 1030 1709 non
1056 1624 1238 1740 semper
1269 1613 1329 1705 ab
1362 1611 1499 1739 adipe
1528 1611 1758 1741 gignitur,
1788 1644 1886 1735 quo
1909 1615 2074 1709 referta
2096 1638 2165 1710 est

592 1860 597 1870 .
661 1773 754 1868 tela
786 1769 1028 1886 cellulosa,
1054 1800 1210 1892 neque
1235 1801 1262 1866 a
1289 1767 1529 1897 sanguinis
1551 1767 1706 1894 copia;
1729 1799 1894 1862 verum
1916 1803 1942 1862 a
1970 1772 2165 1890 materie

663 1929 871 2054 quadam
902 1926 1086 2041 subtili,
1113 1922 1431 2053 parenehyma
1461 1955 1745 2052 organorum
1775 1923 2004 2051 implente
2021 1947 2167 2052 atque

663 2086 970 2180 distendente.
995 2083 1122 2175 Hinc
1138 2077 1212 2194 fit,
1236 2077 1379 2174 utisti
1402 2080 1619 2174 homines
1635 2080 1793 2174 subito
1814 2101 1982 2208 etpost
1997 2083 2163 2211 viginti

664 2262 872 2366 quatuor
889 2238 1115 2352 horarum
1131 2236 1339 2363 spatium
1359 2237 1672 2350 emorientur,
1691 2236 1922 2364 praecipue
1936 2237 1996 2332 ab
2013 2239 2164 2334 animi

663 2396 955 2525 pathemate,
983 2395 1158 2517 absque
1178 2391 1276 2485 ulla
1294 2392 1556 2487 humorum
1575 2392 1646 2484 v‘el
1665 2391 1815 2519 adipis
1833 2393 2164 2520 deperditione.

665 2553 774 2646 Haec
794 2551 937 2646 ctiam
959 2571 1027 2644 est
1044 2548 1164 2640 ratio
1186 2578 1271 2639 cur
1297 2548 1501 2642 infantes
1519 2572 1661 2672 atquc
1676 2547 1867 2673 juvenes
1885 2550 2030 2677 magis
2051 2557 2169 2645 sunt

666 2709 807 2808 torosi
834 2706 1048 2818 senibus,
1077 2704 1190 2827 quia
1209 2704 1352 2836 'enim
1390 2706 1534 2832 magis
1568 2705 1621 2795 in
1647 2703 1810 2796 iisdem
1839 2705 1959 2832 viget
1983 2706 2051 2800 vis
2082 2707 2168 2800 im·.

664 2864 865 2993 pellens,
898 2861 960 2953 ab
986 2857 1167 2984 energia
1199 2859 1461 2985 systematis
1488 2859 1667 2951 nervosi
1696 2861 1938 2984 producta.

742 3015 808 3111 3.⁰
823 3017 961 3109 Dum
981 3013 1295 3138 experimenta
1312 3012 1638 3138 persequimur
1657 3015 1709 3104 in
1729 3014 2017 3112 animalibus
2030 3016 2165 3132 vivis,

664 3173 908 3301 saepissime
946 3145 1230 3294 reperimus,
1257 3167 1516 3258 eorundem
1550 3190 1704 3294 partes
1741 3190 1977 3297 turgorem
2011 3173 2168 3266 sistere

666 3327 948 3438 notabilem,
975 3345 1022 3418 et
1038 3353 1194 3416 veram
1219 3323 1441 3417 audimus
1459 3323 1812 3452 crepitationem
1836 3327 1925 3419 sub
1945 3329 2041 3421 acie
2058 3327 2168 3421 scal-

665 3485 791 3614 pelli.
819 3483 957 3576 Certe
982 3511 1081 3573 non
1107 3478 1167 3571 ab
1196 3512 1299 3573 aere
1325 3479 1493 3572 deduci
1519 3477 1672 3606 potest
1701 3481 2050 3609 atmosphaarico
2076 3483 2168 3578 hoc

666 3643 1038 3770 phaenomenon,
1060 3638 1189 3761 quod
1210 3636 1261 3727 in
1288 3635 1504 3729 cadavere
1526 3636 1669 3744 deest;
1694 3638 1774 3730 sed
1797 3671 1948 3731 revera
1969 3671 1995 3730 a
2016 3638 2167 3732 ssuido

665 3798 841 3926 pendet
862 3827 1013 3908 aereo,
1038 3827 1064 3886 a
1086 3791 1299 3918 partibus
1325 3792 1527 3886 nervosis
1556 3791 1742 3886 evoluto
1771 3794 1894 3888 inter
1921 3793 2045 3890 diros
2067 3829 2168 3888 cru·

547 3933 552 3950 ¹
668 3956 817 4048 ciatus
839 3952 1021 4046 vexatis.
1054 3949 1194 4043 Redit
1213 3947 1309 4041 huc
1330 3970 1478 4041 status
1501 3948 1783 4042 animalium
1803 3983 1829 4041 a
1850 3951 1976 4045 rabie
1994 3952 2166 4046 canina

666 4131 967 4220 enectorum,
1002 4137 1209 4229 quorum
1241 4104 1463 4198 humores
1490 4123 1633 4229 atquc
1655 4127 1807 4232 partes
1835 4137 2034 4204 carnosae
2065 4137 2167 4200 aere

665 4287 866 4378 scatent,
891 4264 1005 4355 citra
1034 4263 1336 4389 putredinem
1364 4295 1532 4388 corpus
1562 4259 1902 4356 infestantem.²

738 4421 792 4515 B.
817 4419 908 4514 Sed
925 4418 1130 4547 plurima
1146 4419 1319 4511 adsunt
1332 4417 1644 4544 phaenomena
1660 4418 1710 4510 in
1725 4439 1850 4512 statu
1871 4415 2166 4545 pathologico

666 4576 986 4705 percipienda,
1018 4607 1121 4699 quae
1150 4569 1327 4669 balitus
1355 4576 1541 4674 nervosi
1562 4572 1794 4669 declarare
1819 4575 2043 4671 videntur
2067 4571 2165 4667 vim

668 4755 813 4859 atque
840 4730 1130 4862 dignitatem.

717 5004 727 5032 ¹
758 4995 988 5076 Tiedemamu
1017 4993 1057 5064 in
1084 4999 1250 5065 Meclel's
1270 4999 1465 5066 deutrclem
1490 4993 1624 5065 Archiv
1638 4992 1714 5090 fiir
1738 4991 1795 5062 die
1815 4988 2064 5086 Physiologr'er
2091 4999 2169 5058 ater

669 5115 790 5191 aare,
810 5135 848 5200 p.
865 5135 941 5180 roo.

717 5229 895 5320 ’dudm
924 5215 1033 5295 Meni·
1054 5227 1097 5294 de
1119 5230 1156 5294 Ia
1174 5225 1310 5296 Socim
1323 5231 1447 5330 rqyale
1470 5229 1512 5294 dc
1536 5221 1726 5304 mercatae,
1749 5246 1833 5292 ann.
1859 5228 1963 5314 1776,
1980 5244 2018 5309 p.
2041 5241 2114 5289 rra.
