5076 6816
1388 757 1483 855 172

769 1001 878 1062 Csrur
898 957 1059 1074 cularum
1077 1016 1087 1061 ε
1106 989 1219 1064 Nervi
1235 990 1481 1086 sympatletici
1495 989 1647 1084 fabrico
1674 987 1812 1058 intc'tna.

640 1135 644 1146 ¹
716 1189 721 1196 ·
813 1147 1029 1216 Encheiresis
1056 1154 1100 1213 ad
1128 1150 1374 1213 enucleandam
1400 1147 1568 1212 fabricam
1597 1146 1713 1210 trunci
1744 1146 1796 1233 (ς.
1814 1143 1983 1232 73·75);
2013 1166 2189 1211 ramorum

857 1265 913 1352 (§.
940 1268 1001 1350 76,
1025 1262 1114 1347 77);
1139 1263 1360 1350 gangliorum
1387 1261 1488 1326 nervi
1514 1259 1758 1344 sympathetici
1783 1259 1836 1345 (§.
1861 1261 1923 1345 8³,
1940 1257 2018 1345 84).
2053 1262 2191 1344 Duplex

859 1380 1050 1449 substantia
1070 1379 1107 1442 in
1132 1378 1283 1466 gangliis
1299 1378 1509 1461 reperiunda
1527 1377 1578 1462 (§.
1594 1375 1671 1460 85).
1696 1375 1924 1462 Gangliorum
1946 1395 2027 1439 vasa
2050 1375 2099 1461 (ς.
2110 1375 2188 1458 86).

858 1493 1019 1578 Analysis
1044 1493 1197 1558 chemica
1221 1493 1259 1557 iu
1280 1492 1429 1579 gangliis
1453 1491 1610 1566 instituta
1634 1490 1687 1583 (3.
1703 1489 1781 1580 87).
1811 1491 1978 1561 Plexuum
2004 1489 2188 1582 dispositio

859 1617 962 1692 atque
982 1609 1114 1674 fabrica
1136 1609 1189 1694 (ς.
1216 1610 1279 1693 88,
1301 1608 1378 1693 89),

678 1837 835 1900 sacrm
854 1836 1080 1898 succum:
1095 1801 1441 1900 ruruouocm

769 1997 965 2086 opiniones
989 1997 1087 2066 circa
1111 2021 1213 2068 usum
1239 1995 1481 2090 gaugliorum.

745 2187 748 2196 ’
814 2163 988 2232 Sententia
1012 2159 1167 2228 Witlnii
1187 2163 1342 2250 (§.91);
1362 2155 1562 2228 Vicussenii
1581 2167 1615 2225 et
1632 2156 1795 2226 Lancisii
1814 2160 1962 2250 (§.92)3
1985 2158 2192 2233 Winslowii

860 2280 915 2366 (.§.
934 2277 1027 2363 93);
1059 2273 1226 2342 Meclelii
1246 2286 1280 2341 et
1303 2273 1435 2341 Zinnii
1458 2276 1510 2361 (ς.
1532 2274 1617 2360 94);
1645 2273 1858 2341 Jolmstonii
1879 2278 1929 2364 (§.
1946 2278 2031 2363 95);
2058 2276 2194 2345 Haasii

862 2395 911 2482 (l
930 2392 1018 2479 96)9
1048 2393 1194 2478 5⁶⁰¹?oe
1214 2393 1266 2481 (l
1285 2397 1360 2476 97)-

770 2567 966 2659 Opiniones
988 2567 1086 2635 circa
1103 2565 1203 2634 nervi
1219 2563 1466 2658 sympatbetici
1482 2563 1654 2643 indolem,
1676 2587 1778 2630 usum
1802 2574 1907 2649 atque
1928 2564 2145 2660 dignitatem.

812 2711 963 2778 Theoris
978 2705 1136 2775 Biclatii
1155 2708 1205 2793 (§.
1218 2707 1302 2792 98);
1326 2703 1438 2772 Reilii
1457 2707 1509 2792 (§.
1527 2705 1604 2790 99);
1626 2703 1772 2773 Wilson
1790 2703 1953 2794 Philippi
1970 2717 2007 2776 et
2025 2706 2193 2775 Wutzeri

861 2825 1026 2915 (§.1oo);
1045 2823 1251 2909 professoris
1268 2819 1459 2888 Broussais
1484 2822 1537 2910 (ς
1558 2821 1654 2908 ιοι).

769 3010 1032 3084 Annotationes
1055 3010 1297 3106 generations
1316 3033 1423 3098 super
1441 3034 1546 3078 nervo
1567 3007 1818 3102 sympathetico
1840 3008 2060 3078 animalium.

817 3167 1053 3232 consideratio
1074 3166 1173 3232 nervi
1189 3164 1432 3250 sympathetici
1461 3163 1499 3226 in
1523 3163 1732 3228 animalibus
1754 3165 1920 3230 vertebris
1945 3164 2115 3230 destitutis
2134 3167 2189 3254 (ς.

864 3280 971 3368 103);
995 3281 1033 3345 in
1052 3280 1260 3346 animalibus
1280 3277 1482 3344 vertebratis
1506 3279 1682 3364 (§.1os);
1709 3279 1747 3341 iu
1767 3278 1880 3344 simiis
1901 3289 1934 3344 ct
1954 3282 1992 3345 in
2018 3284 2109 3366 talpa
2130 3303 2190 3347 eu-

859 3396 1161 3483 ropaea(§.105).
1190 3394 1381 3461 Corollaria
1401 3415 1443 3459 ex
1459 3393 1631 3459 anatomia
1653 3403 1850 3480 comparata
1869 3396 1970 3463 nervi
1992 3402 2190 3486 sympathe-

861 3513 924 3578 tici
943 3513 1050 3597 petita
1074 3513 1231 3601 (§.106,
1259 3512 1356 3597 107).

768 3699 931 3770 Eiamen
953 3696 1084 3766 virium
1104 3696 1229 3785 quibus
1249 3703 1366 3786 pollet
1384 3721 1510 3766 nervus
1528 3698 1807 3791 sympatleticus.

815 3857 942 3926 Eadem
970 3853 1008 3917 vi
1032 3853 1197 3939 proditus
1225 3861 1293 3940 est,
1322 3873 1392 3935 qua
1416 3853 1515 3917 nervi
1545 3852 1739 3938 systematis
1768 3853 1952 3918 cerebralis
1985 3853 2088 3941 (pag.
2111 3855 2189 3941 9²)-

863 3969 1081 4055 Principium
1098 3989 1284 4035 nervosum
1305 3969 1486 4036 celerrimo
1511 3990 1614 4033 cursu
1639 3979 1797 4033 movetur
1818 3970 1856 4034 in
1880 3970 2010 4034 truncis
2034 3981 2066 4036 et
2086 3972 2190 4036 ramis

860 4086 959 4156 nervi
976 4084 1218 4170 sympathetici
1241 4086 1342 4172 (pag.
1362 4085 1437 4172 93).
1465 4084 1705 4168 Experimenta
1722 4085 1900 4171 galvanica
1918 4085 1956 4148 in
1976 4106 2081 4150 nervo
2096 4107 2191 4170 sym-

858 4200 1033 4286 pathetico
1061 4199 1216 4263 instituta
1241 4202 1343 4287 (pag.
1360 4219 1422 4287 94,
1446 4198 1524 4284 95).
1558 4201 1628 4262 Ista
1654 4199 1886 4283 experimenta
1915 4199 2083 4264 initurum
2111 4221 2190 4265 ner-

858 4335 982 4379 vosum
1004 4315 1042 4377 in
1066 4333 1126 4378 cor
1149 4313 1311 4378 evincunt
1338 4316 1438 4401 (pag.
1456 4318 1517 4398 96,
1541 4312 1616 4397 97).
1652 4316 1756 4378 Nulla
1776 4309 1972 4378 differentia
2001 4315 2189 4380 essentialis

859 4428 1041 4493 intercedit
1064 4427 1155 4491 inter
1180 4447 1325 4494 nervum
1347 4428 1654 4513 sympatheticum,
1681 4436 1715 4492 st
1739 4433 1861 4493 neruos
1883 4448 1924 4492 ex
1944 4432 2132 4514 encephalo
2155 4438 2190 4494 ct

861 4547 1013 4614 medulla
1027 4542 1156 4629 spinali
1171 4547 1329 4628 eductos,
1343 4563 1455 4632 neque
1473 4546 1540 4613 sub
1556 4542 1736 4615 anatomia
1752 4563 1867 4632 neque
1879 4546 1944 4610 sub
1958 4545 2190 4634 physiologia

862 4670 1019 4746 respectu
1040 4661 1140 4748 luas·
1160 4683 1223 4746 972
1244 4662 1306 4747 9⁸2
1328 4659 1404 4746 99)

768 4843 978 4933 Disquisitio
993 4841 1227 4937 functionum
1252 4840 1352 4911 nervi
1369 4839 1622 4936 sympathelici.

815 5005 1101 5068 Demonstrstur:
1124 4999 1165 5061 r.⁹
1185 5017 1329 5062 nervum
1353 4997 1642 5084 sympatheticum
1662 4995 1864 5068 nutritionis
1884 4997 2027 5085 negotio
2045 5017 2191 5083 praessa

824 5169 827 5176 .
861 5119 959 5200 (pag.
985 5117 1091 5196 roo);
1119 5113 1163 5176 a.⁰
1186 5112 1223 5175 in
1243 5115 1430 5176 humorum
1452 5112 1643 5176 secretione
1668 5113 1817 5178 activum
1844 5133 1880 5176 se
1902 5117 2057 5198 praehere
2088 5115 2188 5201 (pag.

865 5230 963 5315 103);
981 5231 1026 5294 δέ’
1038 5227 1152 5292 cordis
1166 5226 1294 5296 actioni
1309 5237 1341 5291 et
1359 5227 1539 5314 sanguinis
1557 5228 1777 5293 circulationi
1791 5228 1962 5312 imperare
1979 5231 2074 5315 (pag.
2093 5231 2190 5313 105);

863 5349 910 5427 4.⁰
933 5365 1058 5410 nexum
1078 5341 1245 5430 perlicere
1265 5352 1298 5408 et
1312 5343 1440 5408 mirum
1464 5344 1708 5410 commercium
1728 5345 1819 5410 inter
1837 5343 2013 5428 praecipua
2034 5345 2190 5430 corporis
