5080 6812
1220 707 1223 714 ’
1380 657 1476 819 viij
1563 798 1567 804 Ι

680 982 1227 1121 mentem,systema
1242 1000 1346 1076 seu
1359 979 1707 1120 apparatum
1726 959 2030 1121 componit
2047 1003 2185 1078 ner-

680 1210 911 1318 vosum,
943 1167 1257 1289 visceribus
1281 1166 1754 1284 abdominalibus
1781 1168 2185 1328 maximopere

682 1373 972 1525 dicatum,
996 1396 1170 1535 atque
1203 1373 1517 1491 tuberculis
1545 1375 1664 1494 sive
1687 1370 1860 1490 nodis
1890 1373 2185 1537 interrup-

679 1605 830 1731 tum,
852 1581 954 1742 qui
974 1581 1335 1747 gangliorum
1353 1581 1595 1696 nomine
1615 1581 1870 1701 veniunt.
1916 1585 1985 1696 In
2012 1622 2183 1736 causa

679 1787 941 1948 suithaec
970 1788 1299 1949 dispositio,
1324 1810 1388 1905 ut
1408 1789 1513 1906 iste
1539 1810 1848 1950 apparatus
1873 1789 2050 1904 etiam
2073 1759 2183 1906 sub

681 1996 923 2114 nomine
960 1999 1266 2158 systematis
1304 1997 1666 2162 gangliorum
1706 1996 2023 2112 innotuerit
2057 1996 2185 2155 jam
2352 2155 2355 2164 Α

680 2203 994 2354 dudum,a
1025 2226 1333 2366 systemate
1362 2247 1679 2326 nervorum
1712 2203 2098 2321 cerebralium
2129 2227 2186 2320 et

680 2411 998 2573 spinalium
1020 2412 1243 2530 ratione
1268 2454 1404 2530 usus
1425 2434 1600 2573 atque
1620 2389 1992 2530 functionum
2009 2411 2184 2575 plane

681 2619 906 2743 diversi.

759 2833 829 2944 In
859 2827 1265 2992 gravissimum
1298 2869 1436 2950 vero
1470 2871 1729 2946 errorem
1762 2824 2087 2944 inciderent
2116 2827 2181 2978 ii,

682 3041 784 3200 qui
815 3038 1039 3203 ganglia
1079 3039 1368 3162 exclusive
1403 3040 1478 3159 ad
1517 3084 1764 3163 nervum
1788 3037 2183 3203 'sympatheti-

682 3291 821 3364 cum
860 3243 1075 3365 referre¹
1105 3249 1426 3403 voluerint,
1470 3274 1646 3413 atque
1684 3248 1847 3368 alteri
1889 3247 2183 3410 systemati

680 3499 996 3578 nervorum
1029 3456 1329 3623 denegare.
2035 3588 2038 3599 ,

684 3801 687 3812 ,
759 3666 993 3785 Etenim
1021 3668 1368 3785 anatomioae
1400 3665 1930 3784 administrationes
1955 3663 2185 3828 triginta

679 3915 783 3991 sex
809 3872 887 3989 ad
909 3875 1230 3992 minimum
1254 3896 1583 3993 monstrant
1605 3870 1969 4038 gangliorum
1995 3869 2184 4032 paria,

682 4122 816 4241 quae
837 4079 913 4197 ad
934 4125 1141 4203 nervos
1166 4081 1491 4252 cerebrales
1511 4104 1686 4244 atque
1708 4078 1982 4242 spinales,
2003 4078 2065 4196 id
2080 4100 2185 4230 est,

682 4287 758 4405 ad
784 4333 990 4420 nervos
1024 4292 1207 4409 animi
1235 4293 1488 4457 imperio
1518 4291 1836 4454 subjectos,
1868 4290 2185 4453 pertinent,

682 4541 716 4616 a
756 4497 1089 4667 digestionis
1133 4505 1367 4669 negotio
1417 4527 1475 4622 et
1500 4503 1878 4674 thylopoiesi
1924 4499 2185 4617 absolute

682 4707 916 4826 alienos
942 4716 1146 4873 Itaque
1165 4711 1394 4832 silentio
1413 4713 1709 4874 praeterire
1727 4709 1811 4828 sas
1833 4711 1940 4827 erit
1960 4706 2184 4875 ganglia

681 4927 997 5037 nervorum
1031 4921 1219 5081 quinti
1250 4921 1431 5080 paris,
1458 4897 1696 5086 ganglia
1714 4960 2030 5038 nervorum
2060 4914 2184 5075 spi-

682 5125 933 5279 nalium,
956 5129 1159 5248 tubera
1176 5129 1514 5284 cerebralia,
1530 5171 1664 5293 quae
1682 5126 2021 5292 nuperrime
2038 5165 2183 5294 gan·
