5076 6816
1415 655 1493 781 viij

1212 887 1440 964 TABULA
1475 885 1700 965 OCTAVA,

702 1081 777 1176 Fig.
800 1107 828 1151 1.
854 1078 965 1154 Plerus
982 1082 1089 1154 solaris
1105 1085 1286 1172 exurente,
1302 1090 1389 1178 enjus
1409 1084 1538 1155 historia
1554 1083 1657 1152 morbi
1677 1085 1717 1152 ad
1737 1084 1768 1172 ς.
1790 1102 1857 1166 raa
1879 1098 2021 1153 enarrata
2039 1097 2096 1154 est.
2120 1083 2214 1156 Nervi

775 1243 779 1250 -
853 1212 924 1266 sunt
946 1197 1021 1288 picti
1039 1197 1139 1266 statim
1160 1213 1233 1290 post
1256 1197 1441 1267 excisionem
1462 1221 1481 1266 e
1500 1198 1662 1265 cadavere.

749 1378 781 1423 a.
806 1358 927 1425 Arteria
949 1373 1048 1427 norta.

726 1474 780 1545 'Ia
805 1478 1165 1572 Nervns'splanchnicus
1188 1483 1295 1551 dexter
1318 1483 1351 1549 in
1370 1497 1458 1573 parte
1483 1483 1591 1552 dextra
1614 1479 1725 1574 plexus
1754 1479 1861 1551 solaria
1882 1479 2002 1550 finiens.
2038 1479 2113 1549 Hoc
2138 1503 2211 1572 pars

849 1591 881 1657 in
899 1607 979 1659 statu
999 1593 1241 1683 deprehenditur
1257 1592 1399 1661 naturali.

753 1736 781 1778 e.
806 1714 927 1784 Nervus
948 1712 1163 1806 splanchnicus
1185 1717 1305 1826 sinister
1327 1719 1359 1785 in
1381 1715 1525 1804 ganglion
1545 1716 1741 1805 terminatus,
1763 1715 1802 1784 ab
1817 1715 2056 1784 inflammatione
2071 1713 2210 1834 rubrurn.

701 1867 775 1960 Εἲς.
796 1893 830 1936 a.
854 1872 979 1940 Eaedem
995 1889 1115 1963 partes,
1142 1890 1214 1966 post
1237 1873 1421 1970 infusionem
1444 1876 1546 1965 pictae,
1565 1896 1623 1965 per
1649 1888 1784 1967 vanior
1811 1874 1876 1941 dies
1901 1887 2100 1966 protractam·
2138 1875 2212 1944 Pars

849 1984 968 2052 sinistra
982 1983 1093 2076 plenus
1113 1985 1221 2055 solaris
1247 1985 1341 2054 alium
1362 1983 1500 2054 colorem
1522 1985 1677 2073 ostendit,
1700 2009 1736 2054 aa
1756 1985 1875 2054 dextra.

1234 2208 1384 2284 TABU
1394 2199 1466 2284 LA
1505 2209 1542 2285 N
1550 2208 1628 2284 ΟΝ
1633 2207 1678 2283 Α.

787 2385 940 2462 Nervus
962 2386 1226 2465 intercostalis
1247 2415 1294 2465 ex
1314 2391 1468 2469 infante
1488 2390 1537 2468 de
1561 2387 1715 2496 quoad
1735 2392 1773 2486 S.
1800 2397 1867 2489 145
1885 2416 2014 2469 sermo
2033 2390 2120 2468 suia

748 2601 806 2646 aa.
832 2583 974 2651 Truncus
990 2584 1078 2653 nervi
1094 2585 1297 2655 intercostalis
1315 2586 1418 2657 lateris
1436 2588 1561 2658 sinistri.

748 2700 858 2770 bbbb.
883 2708 972 2774 Remi
987 2710 1199 2778 anastomotici
1217 2733 1287 2780 cum
1304 2712 1407 2780 newis
1427 2712 1606 2804 spinalihus.

747 2850 774 2892 e.
799 2829 921 2898 Nervus·
935 2829 1160 2921 splanohnicus.
1284 2887 1287 2896 .

748 2946 781 3012 d.
806 2951 960 3036 Ganglion
979 2952 1183 3044 semilunare,
1201 2958 1298 3043 magis
1318 2983 1410 3052 quam
1429 2983 1487 3052 par
1505 2977 1551 3030 est
1567 2960 1707 3031 rubrum.

747 3096 776 3140 e.
800 3077 901 3144 Locus
927 3078 959 3143 in
991 3092 1101 3146 manco
1131 3080 1221 3147 nervi
1245 3080 1448 3152 intercosulis
1477 3085 1706 3175 inflammatus,
1734 3084 1788 3181 qni
1807 3085 1928 3175 ganglia
1945 3071 2100 3160 thoracida
2126 3089 2207 3178 duo,

850 3209 969 3255 nonum
988 3204 1082 3284 atque
1105 3191 1275 3281 decimum,
1297 3194 1543 3288 comprehendit.
2087 3187 2091 3194 ⁵

1196 3414 1427 3491 TABULA
1467 3417 1705 3496 DECIMA.

636 3677 641 3691 1
694 3578 815 3656 Nervi
836 3579 1088 3684 splanchnici
1116 3583 1222 3678 duo,
1247 3614 1339 3662 cum
1361 3590 1482 3692 plexu
1506 3592 1670 3667 solerie
1694 3591 1799 3683 viro,
1821 3590 1870 3668 de
1898 3619 1980 3697 quo
2003 3590 2109 3710 adS.
2136 3591 2203 3694 157

745 3703 896 3779 mentio
922 3704 1028 3782 sacta
1056 3724 1137 3800 est,
1166 3708 1218 3784 ad
1241 3712 1499 3790 monstranda
1523 3713 1693 3820 parvula
1726 3742 1899 3820 corpora
1921 3713 2019 3814 (aa)
2050 3733 2204 3795 naturae

744 3823 907 3926 ignotae,
928 3855 1018 3933 quae
1040 3829 1203 3935 gangliis
1223 3832 1408 3920 insident
1565 3821 1567 3827 ¹
