5076 6816
979 661 1166 800 „26³

361 879 558 1004 quidem
576 900 691 973 sunt
704 898 910 993 mutata,
923 879 1001 970 sed
1018 909 1164 1000 exesa,
1177 896 1396 1004 corrupta
1409 896 1456 968 et
1464 873 1607 1002 plane
1622 876 1869 972 destructa.

358 1035 563 1145 Pristina
588 1037 848 1128 eorundem
870 1057 1105 1128 structura
1127 1033 1342 1141 evanuit3
1364 1032 1484 1156 quin
1506 1032 1593 1159 ipsi
1612 1033 1869 1132 substituta

360 1215 429 1302 est
444 1192 535 1285 alia
547 1231 560 1303 ς
584 1226 670 1285 nec
693 1157 821 1285 novae
840 1213 989 1286 enatae
1005 1214 1122 1285 sunt
1139 1191 1256 1283 vires
1272 1188 1449 1303 vitales,
1466 1222 1552 1283 nec
1566 1223 1678 1290 usus
1700 1222 1869 1307 novus,

360 1380 447 1441 nec
477 1349 746 1442 functiones
779 1381 921 1442 novae.
963 1347 1256 1470 Neutiquam
1290 1346 1433 1475 igitur
1459 1380 1578 1472 opus
1605 1370 1704 1442 erat
1731 1380 1870 1475 appa-

358 1525 466 1597 ratu
492 1537 687 1598 nervoso
715 1505 860 1633 magis
889 1503 1093 1597 evidenti
1124 1525 1268 1626 atque
1298 1502 1509 1614 evoluto;
1536 1504 1678 1626 quin,
1708 1539 1733 1596 e
1761 1536 1872 1598 con·

358 1661 522 1776 trario,
554 1660 843 1752 imminutus
875 1660 959 1750 iste
986 1679 1180 1784 apparet
1203 1680 1348 1782 atque
1376 1661 1539 1752 minus
1572 1661 1795 1754 excultus.

428 1821 471 1936 §.
500 1809 609 1908 155.
640 1816 791 1908 Probe
822 1816 1045 1939 equidem
1079 1814 1198 1928 scio,
1237 1847 1401 1908 nervos
1432 1816 1693 1909 diutissime
1721 1818 1869 1911 causis

358 1969 463 2064 illos
483 1951 1000 2065 destruerenitentibus
1020 1970 1235 2064 resistere.
1265 1965 1510 2066 Chambon
1529 1968 1586 2064 de
1598 1973 1866 2066 Montauac¹

357 2127 493 2221 ulcus
527 2127 647 2220 vidit
680 2158 1060 2255 gangraenosum,
1098 2127 1253 2249 quod,
1290 2126 1437 2218 bucca
1476 2151 1621 2250 atque
1655 2130 1870 2257 parotide

357 2317 510 2398 exesa,
534 2285 642 2410 pedi
669 2285 890 2378 anserino
910 2283 1053 2410 plane
1074 2306 1352 2411 pepercerat.
1382 2286 1579 2411 Egomet
1606 2287 1701 2413 ipse
1720 2289 1870 2382 obser·

356 2441 456 2531 vavi
478 2442 708 2534 abscessus
727 2438 979 2554 lumbales,
1003 2441 1279 2565 inquorum
1296 2443 1398 2534 ioco
1412 2443 1539 2534 nervi
1554 2442 1749 2568 plexum
1767 2479 1868 2536 cru-

355 2595 501 2688 ralem
535 2598 876 2689 constituentes
906 2589 1187 2688 manserunt
1218 2597 1409 2711 intacti,
1435 2600 1652 2720 quamvis
1681 2633 1717 2692 a·
1738 2602 1869 2695 sanie

355 2753 588 2844 continuo
609 2750 914 2845 alluerentur.
936 2750 1164 2846 Attamen
1185 2753 1236 2844 in
1256 2753 1527 2848 tumoribus
1543 2755 1738 2883 frigidis,
1755 2780 1869 2852 stea·
1993 2839 1998 2848 .

354 2909 635 3020 tomatibus,
669 2907 946 3036 cystidibus,
978 2930 1089 3022 etc,
1123 2938 1287 3001 nervos
1315 2906 1410 2998 vidi
1444 2909 1582 3030 quasi.
1610 2913 1865 3031 marcidos,

353 3065 581 3177 sicciores,
601 3063 856 3189 planiores,
878 3063 1149 3160 tumoribus
1168 3062 1415 3189 applicitos
1429 3095 1510 3158 seu
1534 3065 1866 3192 agglutinatos3

353 3241 401 3312 ct
424 3219 475 3310 in
497 3219 798 3330 abscessibus,
818 3218 877 3308 ad
899 3219 1089 3343 spinam
1113 3217 1234 3308 dorsi
1257 3218 1357 3308 sitis
1380 3239 1427 3309 et
1449 3251 1475 3308 a
1497 3221 1618 3311 carie
1640 3226 1867 3318 vertebra·

353 3409 463 3470 rum
494 3374 770 3502 progenitis,
806 3372 1051 3464 manifeste
1079 3371 1365 3498 deprehendi
1400 3406 1564 3466 nervos
1595 3375 1865 3472 destructos.

266 3651 269 3658 ι
352 3531 515 3624 Puella
538 3531 699 3622 decem
725 3561 992 3640 annorum,
1017 3526 1215 3655 paralysi
1241 3561 1437 3621 crurum
1454 3562 1539 3656 per
1562 3547 1634 3624 s'at
1655 3535 1865 3632 notabile

353 3707 540 3812 tempus
558 3709 788 3812 correpta,
807 3718 892 3811 per
916 3705 1007 3778 tres
1026 3716 1207 3777 menses
1230 3685 1460 3778 diarrhoea
1482 3687 1727 3782 laborabat
1750 3724 1863 3784 cum

353 3843 643 3936 torminibus
664 3864 710 3934 et
737 3863 947 3936 tenesmo
968 3838 1105 3933 nullo
1129 3842 1241 3935 artis
1262 3843 1556 3935 adminiculo
1576 3844 1862 3940 cohibendis.

312 3996 315 4004 ’
351 3997 560 4090 Dissecto
586 3999 826 4109 cadavere,
855 3996 926 4116 nil
955 3996 1103 4122 reperi
1132 3995 1185 4088 in
1213 4019 1366 4089 tractu
1394 3999 1729 4094 intestinorum
1743 4040 1755 4112 ς
1782 4005 1863 4098 sed

351 4154 582 4248 abscessus
614 4153 775 4246 aderat
805 4151 1018 4280 insignis,
1042 4185 1068 4243 a
1098 4175 1223 4246 sexta
1247 4154 1306 4245 ad
1337 4155 1568 4248 decimam
1598 4160 1861 4254 vertebram

352 4309 581 4402 dorsalem
611 4311 662 4402 in
691 4309 834 4402 latere
858 4309 1047 4401 sinistro
1081 4330 1308 4402 extensus.
1357 4309 1624 4437 Adplicitus
1654 4338 1766 4408 erat·
1783 4317 1866 4409 isti

352 4496 521 4557 nervus
545 4465 883 4592 splancbnicus
903 4465 1055 4590 major
1075 4465 1127 4558 in
1149 4497 1233 4558 sua
1254 4488 1491 4560 structura
1511 4501 1610 4561 non
1633 4492 1862 4564 mutatus

352 4618 553 4750 Ganglia
572 4621 875 4714 semilunaria
901 4643 1038 4713 erant
1052 4653 1190 4736 sana,
1209 4645 1256 4715 et
1277 4655 1441 4716 omnes
1461 4630 1715 4719 nervorum
1738 4628 1859 4719 rami

351 4811 377 4870 e
401 4776 543 4902 plexu
571 4776 709 4870 solari
733 4799 954 4870 exeuntes
977 4776 1163 4868 nuliam
1188 4779 1500 4874 ostendebant
1526 4784 1857 4875 mutationem.

350 4933 525 5061 Aperto
544 4935 772 5049 abscessu,
793 4933 964 5028 cariem
983 4932 1299 5060 deprehendi,
1315 4967 1410 5058 qua
1431 4969 1623 5072 corpora
1640 4939 1860 5031 vertebrae

395 5293 408 5322 ¹
434 5286 597 5383 Vor'gtel,
617 5289 817 5360 Handbuclr
837 5289 903 5354 der
918 5287 1058 5372 pathol.
1080 5285 1213 5365 Anam
1246 5295 1338 5352 ister
1356 5289 1532 5377 nanas
1552 5295 1629 5357 66³.
