5080 6812
1073 719 1136 840 ἐν

351 964 605 1028 nervorum
637 927 815 1063 plectas
852 931 1119 1026 mesenterii
1152 930 1394 1057 inferioris
1434 959 1613 1024 nomen
1650 931 1861 1052 obtin‘et,

351 1091 532 1214 dequo
560 1089 683 1182 infra
709 1111 882 1218 agetur.
909 1209 915 1216 ἱ
992 1103 995 1108 '

421 1251 461 1366 §.
482 1243 561 1337 36.
579 1244 765 1360 Plexus,
782 1245 865 1369 qui
888 1275 1021 1336 nunc
1039 1261 1327 1366 sequuntur,
1345 1235 1522 1336 rettulit
1536 1263 1680 1368 atque
1696 1275 1864 1376 supra

350 1397 546 1514 renalis,
576 1433 676 1492 non
706 1400 912 1527 amplius
939 1399 1113 1491 directe
1138 1432 1165 1489 a
1192 1397 1334 1526 plexu
1366 1396 1504 1491 solari
1534 1400 1840 1495 deducuntur
1849 1443 1861 1512 3

349 1559 432 1650 sed
467 1558 669 1681 quisquc
698 1591 730 1650 c·
756 1556 941 1686 ganglio
974 1554 1250 1650 semilunari
1285 1555 1358 1648 s'ui
1400 1552 1555 1649 lateris
1589 1558 1863 1654 immediate
2003 1663 2007 1672 Α

348 1714 652 1841 producitur,
682 1712 792 1812 licet
821 1709 1066 1806 filamenta
1095 1711 1311 1836 quaedam
1344 1711 1501 1804 adsint
1535 1745 1562 1804 e
1594 1711 1734 1839 plexu
1769 1747 1866 1808 me-

348 1872 575 1962 senterico
606 1871 835 1998 superiori
867 1892 1011 1994 atque
1041 1867 1252 1986 coeliaco,
1284 1867 1466 1990 quibus
1490 1868 1654 1996 plexus
1683 1871 1862 1998 potissi-

348 2058 485 2118 mum
518 2023 1061 2158 renalis'corroberatur.

421 2185 512 2275 Iste
537 2182 701 2309 plexus
730 2181 1007 2277 efformatus
1037 2184 1088 2274 in
1114 2182 1275 2276 dextro
1302 2180 1493 2274 laterea
1523 2182 1676 2276 nervis
1701 2212 1726 2273 e
1751 2213 1860 2310 gan·

347 2338 443 2465 glio
480 2339 755 2432 semilunari
793 2341 954 2432 dextro
985 2337 1360 2465 prodeuntibus;
1404 2358 1499 2430 rete
1534 2335 1751 2463 perficit,
1772 2341 1858 2432 ‘cui

349 2524 517 2587 nervus
541 2491 876 2624 splanclmiccia
898 2495 1055 2585 minor
1076 2527 1160 2587 seu
1189 2489 1367 2586 renaiis
1395 2494 1627 2586 miscetur.
1714 2475 1721 2486 ⁶

349 2649 355 2659 ’
417 2639 650 2743 Accuratc
692 2654 911 2747 examine
952 2653 1173 2746 instituto
1213 2651 1386 2765 didici,
1438 2682 1614 2764 ramos,
1663 2650 1856 2778 plexum

344 2804 559 2898 renalcm.
588 2809 949 2923 constituentes,
983 2808 1124 2901 sexies
1159 2809 1284 2901 inter
1317 2841 1365 2900 se
1401 2805 1611 2933 copulari
1623 2813 1658 2919 ,Γ
1675 2806 1747 2899 vel
1779 2841 1858 2900 sen

344 2960 408 3052 sic
449 2963 603 3055 dictos.
629 2965 793 3090 plexus
829 2964 1130 3058 secundarios
1159 2965 1438 3092 producere,
1474 2961 1706 3085 equibus
1743 2965 1887 3057 dein·

342 3119 464 3216 rami
505 3143 753 3249 emergunt
788 3124 977 3216 arterias
1012 3122 1313 3238 comitantes,
1351 3139 1495 3244 atque
1525 3139 1651 3212 recto
1687 3119 1857 3214 itinere

345 3273 651 3369 decurrentes
1808 3287 1811 3296 ¹

416 3432 586 3548 Quum
629 3431 850 3563 ganglion
895 3467 1053 3526 unum
1097 3432 1169 3526 vel
1212 3435 1310 3558 dluo
1352 3465 1446 3526 sese
1484 3453 1754 3525 monstrant
1800 3431 1853 3526 in

340 3588 482 3714 plexu
512 3590 598 3682 isto
628 3590 797 3705 renali,
825 3612 932 3683 tum
957 3590 1186 3718 plexuum
1213 3589 1601 3682 secundariorum
1626 3603 1858 3680 numerus

342 3746 574 3870 reperitur
605 3748 905 3840 imminutus
946 3749 953 3760 '
1105 3753 1109 3762 '
1266 3751 1269 3760 ⁴
1359 3749 1365 3758 '
1552 3755 1556 3762 “
1990 3727 1993 3736 ’

413 3901 632 3995 Primum
656 3905 775 3996 rami
799 3903 993 4031 plexum
1016 3901 1374 4013 constituentes,
1395 3899 1571 4026 partim
1597 3917 1729 4012 ante,
1751 3929 1856 4026 par-r

341 4057 431 4149 tim
459 4080 602 4174 retr0,
628 4079 857 4152 truncum
880 4059 1059 4152 arteriae
1076 4057 1358 4186 emulgentis
1382 4056 1633 4164 incedunt,
1660 4055 1859 4170 deinde,-

339 4210 481 4339 plcxu
500 4213 765 4332 efformata,
784 4249 870 4344 pro
890 4217 1056 4341 quovis
1071 4217 1249 4309 arteriae
1261 4247 1394 4307 ramo
1411 4214 1508 4307 duo
1526 4211 1701 4304 adsunt
1721 4210 1856 4304 nervi

339 4368 641 4497 principales,
671 4372 755 4496 qui
786 4372 982 4467 ramulis
1007 4372 1103 4466 suis
1125 4403 1314 4465 ramum
1348 4371 1626 4464 arteriosum
1653 4368 1853 4464 circum-e

341 4524 481 4637 dant,
511 4549 655 4650 atque
679 4562 798 4621 cum.
821 4529 908 4623 isto
940 4561 1111 4622 renem,
1134 4530 1330 4621 intrant.

411 4679 584 4776 Nullus
620 4684 853 4779 advenas
889 4671 1067 4779 renales
1103 4685 1340 4778 emittitur
1377 4679 1594 4775 surculus
1630 4709 1856 4792 necteus,-

340 4841 573 4959 nequead
597 4842 774 4968 pelvim
798 4876 993 4954 renum,
1016 4845 1094 4936 scd
1120 4843 1339 4935 distincte
1365 4838 1509 4934 videri
1533 4856 1684 4965 potest
1702 4857 1854 4958 atque

337 4988 507 5119 jugiter
539 4994 767 5092 observari
805 5000 1019 5093 ramulus
1057 4996 1242 5113 firmuS,
1280 4998 1342 5090 ab
1383 4995 1555 5088 ultimo
1590 5023 1844 5086 nervorum
1948 5071 1953 5080 .

339 5137 574 5243 renalium
596 5154 814 5249 fasciculo
834 5191 1051 5285 egressus,
1075 5177 1305 5247 uretcrem
1324 5184 1541 5276 sequens,
1560 5173 1703 5276 atque
1725 5149 1844 5240 eirca

338 5297 497 5396 finem
516 5307 661 5433 ipsius
692 5313 743 5403 in
777 5312 986 5438 ejusdem
1015 5293 1178 5407 tunica
1210 5313 1471 5420 absumtus.
