5080 6812
1019 675 1144 814 07³

320 861 481 960 indole
525 857 681 959 mollis
727 859 992 990 appellatur
1026 899 1038 957 ε
1072 893 1185 956 cum
1210 893 1372 958 nervo
1418 862 1636 993 laryngeo
1679 867 1836 960 octavi.

318 1023 444 1150 paris
475 1049 738 1134 connexus,
768 1019 820 1112 in
852 1020 1071 1145 quinque
1102 1029 1256 1112 ramos
1288 1018 1585 1146 dispescitur,
1616 1022 1725 1145 qui,
1750 1053 1831 1116 an·
1985 1111 1995 1138 ,

319 1201 525 1272 trorsum
557 1176 904 1292 descendentes,
933 1178 992 1269 ad
1021 1177 1241 1270 arteriam
1269 1177 1479 1270 tendunt
1505 1176 1832 1306 thyreoideam

318 1321 626 1462 superiorem,
643 1330 935 1463 laryngeam,
961 1331 1241 1463 lingualem,
1259 1331 1551 1430 maxillarem
1568 1356 1830 1454 externam,

319 1524 489 1615 casque
522 1488 719 1584 ramulis
749 1489 845 1583 suis
878 1471 1182 1584 comitantur.
1247 1519 1251 1527 ’

390 1652 430 1768 l.
450 1679 497 1774 9.
537 1647 723 1743 Citatus
753 1648 838 1740 iste
866 1675 1043 1746 nervus,
1069 1640 1351 1776 laryngeus,
1386 1645 1535 1737 octavi
1570 1647 1694 1774 paris
1727 1674 1832 1776 pro·

319 1836 462 1932 pago,
492 1837 634 1930 super
657 1801 879 1932 ganglion
915 1802 1087 1896 olivare
1108 1802 1376 1929 subjectum
1407 1802 1715 1917 descendens,
1743 1805 1832 1932 ipsi
1889 1819 1894 1828 ’

322 1991 422 2054 non
457 1962 601 2054 modo
633 1993 722 2087 ope
752 1959 854 2052 telae
890 1958 1119 2054 cellulosae
1151 1957 1370 2072 cohaeret,
1405 1958 1484 2051 sed
1515 1959 1836 2055 substantiam·

320 2116 539 2232 mollem,
559 2149 824 2231 nervosam,
849 2087 1080 2244 eganglio
1101 2116 1290 2240 accipit,
1314 2114 1461 2239 quod,
1488 2114 1626 2207 oculo
1648 2139 1831 2211 armato

320 2272 616 2382 examinans,
645 2270 897 2366 clarissime
927 2271 1037 2365 vidi.
1078 2271 1225 2364 Plane
1245 2272 1414 2364 eodem
1441 2272 1585 2364 modo
1612 2305 1661 2366 se
1688 2272 1833 2368 habet

319 2428 448 2522 nervi
477 2429 637 2551 quinti
661 2430 787 2555 paris
809 2429 894 2521 istc
923 2427 1189 2542 funiculus,
1218 2429 1324 2552 qui,
1354 2429 1414 2520 ad
1441 2427 1567 2520 latus
1592 2427 1714 2523 sellae
1735 2450 1832 2524 tur·

321 2583 445 2697 cicae,
468 2585 656 2712 ganglia
678 2584 860 2700 Gasseri
886 2585 1061 2711 postico
1091 2584 1305 2677 adhaeret.
1345 2584 1463 2676 Inde
1485 2583 1637 2712 colligi
1659 2605 1834 2714 potest,

320 2741 450 2834 nervi
490 2738 697 2872 laryngei
732 2773 887 2834 ramos
919 2741 1076 2834 mixtae
1113 2741 1252 2834 fuisse
1292 2739 1467 2833 indolis
1508 2740 1559 2833 in
1595 2773 1704 2835 casu
1738 2743 1835 2836 des·

318 2897 493 3024 cripto‚
512 2918 666 3021 atque
695 2897 873 3025 partim
905 2930 934 2988 a
965 2930 1108 2991 nervo
1139 2897 1265 3025 paris
1294 2895 1418 3025 vagi,
1454 2895 1632 3025 partim
1667 2895 1729 2992 ab
1763 2898 1834 2991 in·

316 3053 549 3148 tereostali
579 3054 804 3148 formatos
836 3055 985 3148 fuisse.

389 3211 492 3304 Hoc
509 3211 812 3339 potissimum
833 3211 984 3303 valuit
1005 3183 1063 3303 <le
1084 3213 1214 3304 nervi
1233 3207 1439 3341 laryngei
1457 3242 1609 3326 ramo,
1627 3243 1653 3302 a
1673 3212 1830 3340 prima

316 3367 494 3495 origine
523 3369 682 3462 trunci
714 3368 969 3494 producto,
1002 3389 1160 3495 postea
1192 3367 1284 3463 sub
1318 3367 1485 3460 arteria
1521 3368 1726 3460 carotide
1758 3401 1827 3461 ex·
1933 3493 1938 3501 .

315 3545 450 3618 terna
479 3545 682 3651 recepto,
706 3524 766 3616 ad
791 3522 1112 3653 thyreoideam
1140 3523 1427 3652 superiorem
1458 3524 1701 3650 migrante.
1738 3523 1826 3618 lla-

315 3711 424 3772 mus
459 3681 544 3773 iste
582 3679 828 3774 manifeste
856 3711 968 3772 cum
1008 3677 1194 3808 ganglio
1235 3676 1445 3772 cervicali
1485 3708 1706 3805 supremo
1741 3711 1825 3807 per

312 3833 512 3963 pulpam
540 3867 758 3928 nerveam
786 3833 956 3928 llavam
984 3857 1032 3928 et
1056 3835 1384 3928 semilucidam
1412 3866 1670 3951 connexus,
1693 3835 1824 3959 quod

314 3989 676 4120 microscopium
709 4012 837 4088 extra
876 4023 1071 4084 omnem
1108 3989 1423 4098 dubitationis
1453 3990 1603 4084 aleam
1640 3993 1822 4119 posuit,

314 4150 374 4241 ad
417 4148 619 4279 laryngis
659 4131 795 4242 basin
841 4148 1132 4276 properavit,
1172 4167 1317 4275 atque
1350 4150 1403 4242 in
1438 4146 1655 4241 musculo
1686 4149 1825 4242 erico·
1917 4217 1921 4228 .

312 4303 582 4432 thyreoideo
607 4302 888 4421 finiebatur,
917 4307 1069 4400 tribus
1090 4327 1230 4404 antea
1248 4306 1449 4422 surculis
1464 4306 1524 4398 ad
1543 4302 1822 4435 glandulam

312 4460 635 4590 thyreoideam
664 4462 826 4556 missis.

384 4621 442 4711 In
463 4619 565 4713 aliis
586 4642 747 4713 autem
771 4620 1073 4717 cadaveribus
1091 4655 1282 4718 ramum
1305 4621 1444 4716 illum
1465 4621 1594 4716 nervi
1615 4620 1820 4749 laryngei

309 4791 397 4904 pro
433 4776 649 4870 musculo
681 4777 1091 4907 cricothyreoideo
1116 4803 1261 4904 atque
1295 4761 1520 4907 glandula
1551 4777 1820 4906 thyreoidea

310 4932 544 5062 eganglio
568 4933 777 5028 cervicali
807 4935 903 5033 vidi
925 4937 1176 5054 eductum,
1201 4936 1380 5064 absque
1407 4933 1508 5030 ullo
1537 4965 1649 5027 cum
1677 4962 1819 5026 nervo

310 5119 422 5216 vago
457 5091 752 5183 commercio.

381 5245 545 5344 Notari
579 5245 658 5354 hic
689 5269 920 5367 meretur,
955 5251 1113 5376 quod,
1139 5251 1183 5346 *si
1217 5247 1352 5380 nulla
1373 5244 1530 5362 existit
1561 5246 1730 5340 mixtio
1762 5244 1815 5338 in
