5076 6816
1381 587 1474 695 140

672 791 867 921 legimus
887 825 974 920 ope
1004 761 1461 886 medicamentorum
1483 790 1777 906 tonicorum,
1802 793 1901 883 vim
1929 792 2181 885 ventriculi

672 970 719 1039 et
753 950 1089 1042 intestinorum
1121 950 1486 1042 restituentium.
1516 947 1823 1040 Dilatationis
1847 947 2062 1073 pupillae,
2086 981 2200 1040 am..

673 1101 891 1229 blyopiae,
918 1103 1213 1232 nyctalopiae,
1235 1103 1583 1228 hemeralopiae,
1604 1136 1917 1217 amauroseoS,
1937 1102 2182 1228 saepissime

678 1259 981 1352 unica-causa
1013 1282 1080 1352 est
1110 1261 1324 1352 materies
1355 1281 1597 1385 corrupta,
1633 1259 1684 1350 in
1715 1259 1950 1350 intestinis
1981 1258 2182 1393 haerens,

677 1435 723 1505 et
756 1437 918 1506 nervos
958 1399 1517 1508 intestinalesinfestans.
1563 1415 1601 1505 F
1604 1414 1959 1536 requentissima
1990 1445 2184 1536 quoque

677 1566 1201 1694 hypochond'riacorum
1236 1569 1425 1692 querela
1451 1590 1518 1660 est
1548 1567 1755 1661 oscillare
1781 1590 1828 1660 et
1864 1590 2060 1661 tremere
2088 1568 2185 1693 pal-

678 1723 865 1849 pebras,
890 1726 1022 1846 quasi
1054 1726 1350 1838 dormituris,
1378 1757 1489 1816 cum
1517 1755 1655 1817 sensu
1687 1725 1896 1845 quodam
1925 1723 2184 1849 asperitatis

680 1897 726 1970 et
741 1877 984 2002 ponderis,
1005 1901 1148 2002 atque
1166 1879 1217 1971 in
1234 1878 1491 2003 superciliis
1506 1900 1554 1969 et
1574 1879 1729 1969 fronte
1746 1879 2030 2004 pressionem
2050 1880 2184 2000 quasi

679 2033 1039 2160 constringentis
1068 2035 1212 2126 fasciae
1232 2066 1279 2125 se
1302 2034 1551 2158 percipere.
1583 2032 1658 2125 De
1684 2032 1999 2160 lacrymarum
2029 2034 2185 2158 profu-

678 2187 810 2279 sione
820 2227 832 2298 ;
866 2190 924 2280 de
953 2188 1137 2280 circulis
1172 2187 1353 2301 lividis,
1392 2188 1636 2313 palpebras
1670 2187 2183 2296 circumscribentibus;

681 2342 739 2434 de
763 2341 1093 2474 inflationibus
1124 2343 1357 2469 palpebrae
1383 2344 1638 2456 inferioris,
1666 2342 1861 2436 cuilibet
1891 2361 2063 2435 notum
2093 2366 2185 2459 est,

680 2529 733 2590 ea
760 2497 1044 2623 plerumque
1063 2531 1267 2625 spasmos
1291 2496 1613 2594 abdominales
1637 2497 1870 2593 indicare:
1889 2496 2003 2598 hinc
2025 2497 2186 2591 solem-

682 2657 764 2744 nes
789 2685 881 2745 esse
904 2654 1202 2766 verminosis,
1236 2652 1524 2767 chloroticis‚
1559 2653 1977 2752 menstruantibus

756 2806 901 2922 Quod
931 2811 1105 2903 attinet
1134 2810 1193 2902 ad
1223 2809 1414 2908 uarium
1443 2807 1634 2912 affectus
1658 2810 2040 2937 sympatheticos,
2068 2806 2188 2901 falsae

683 2957 886 3055 odorum
907 2966 1248 3091 perceptiones,
1272 2964 1457 3058 'molesti
1488 2967 1719 3090 pruritus,
1739 2966 1914 3088 quibus
1936 2965 2188 3057 verminosi

682 3104 933 3236 vexantur,
968 3118 1312 3256 haemorrhagiae
1348 3155 1402 3254 er
1437 3121 1685 3224 obstructis
1714 3121 2186 3258 hypochondriorum

684 3273 952 3391 visceribuS,
969 3298 1073 3393 ete,
1095 3309 1346 3370 nervorum
1364 3277 1743 3380 abdominalium
1761 3277 1996 3369 actionem
2014 3309 2191 3402 portet,

685 3461 786 3521 sam
817 3431 944 3533 etin
980 3434 1217 3560 superiora
1243 3433 1471 3530 ¹directam
1501 3455 1572 3525 sat
1599 3433 1790 3526 abunde
1820 3433 2070 3528 declarant.

757 3577 936 3707 §.'133.
982 3591 1279 3690 Consensum
1313 3592 1560 3718 proprium
1589 3592 1844 3691 observasse
1877 3591 1999 3682 mihi
2032 3589 2191 3688 videor

684 3744 813 3876 ‘inter
828 3745 990 3838 dentes
1009 3767 1057 3837 et
1082 3778 1333 3840 nervorum
1348 3745 1732 3842 'abdominalium
1755 3767 1932 3839 statum
1948 3767 2193 3870 praeterna,

683 3884 902 3996 ‘turalem
927 3897 1231 4030 Odontolgioe
1240 3903 1505 4033 pertinacis
1518 3935 1704 3997 causam
1717 3902 1881 4029 saepius
1896 3902 1948 3993 in
1965 3903 2193 3994 viscerum

689 4051 1137 4181 chylopoieticorum
1161 4059 1275 4152 vitio
1299 4059 1469 4152 haerere
1489 4059 1659 4173 detexi,
1688 4091 1834 4183 quam
1853 4059 1907 4151 in
1928 4057 2030 4149 aliis
2046 4057 2194 4149 causis

678 4207 752 4300 'ab
772 4207 1034 4308 humorum
1051 4215 1165 4306 crasi
1182 4214 1516 4341 pendentibus.
1536 4214 1574 4308 F
1574 4214 1760 4329 eminae,
1781 4212 2014 4340 imprimis
2029 4246 2057 4304 a
2074 4245 2194 4337 spas-

677 4364 779 4456 'mis
799 4342 1221 4494 hypocho'ndriacis
1243 4370 1500 4483 mulctatae,
1523 4371 1790 4495 frequenter
1804 4370 1966 4461 dentes
1988 4367 2195 4460 habuere

671 4517 905 4637 cariosos,
947 4524 1237 4651 atrophicos,
1287 4527 1463 4618 necrosi
1505 4550 1767 4653 correptos,
1811 4525 2024 4648 quamvis
2065 4525 2194 4616 victu

693 4695 940 4772 uterentur
963 4679 1117 4796 lauto,
1140 4705 1187 4775 et
1209 4682 1343 4775 nulla
1366 4680 1903 4809 adfuerinteacochyliae
1922 4679 2062 4808 signa.
2094 4680 2196 4772 Pas
2251 4675 2257 4684 ’

690 4831 873 4924 sionem
893 4834 1199 4963 hystericam,
1227 4874 1252 4933 e
1280 4840 1540 4955 contrarie,
1564 4839 1713 4933 rarius
1734 4839 1824 4930 hoc
1846 4836 2196 4965 phaenomenon

692 4988 948 5112 producere
969 5015 1235 5119 compertus
1259 5029 1396 5089 sum:
1421 4996 1552 5129 quod
1576 4996 1627 5086 in
1648 5028 1756 5087 casu
1778 4992 2053 5128 praecedenti
2081 4992 2195 5084 adeo

693 5163 761 5234 est
800 5169 1041 5266 constans,
1076 5149 1241 5244 saltem
1278 5153 1444 5245 nostris
1481 5153 1533 5246 in
1572 5151 1861 5280 regionibus,
1895 5171 1951 5244 ut
1979 5147 2194 5249 statime
