5080 6812
1386 702 1453 820 46

662 919 794 1012 haud
827 938 951 1012 arcte
986 918 1096 1044 ipsis
1124 940 1436 1012 accreverunt
1482 917 1790 1012 Contrarium
1822 917 2093 1014 observatur
2119 923 2171 1018 in

662 1074 803 1202 plexu
841 1076 1150 1174 mesenterico
1194 1075 1452 1203 superiori,
1488 1075 1630 1200 eujus
1677 1071 1757 1167 fila
1804 1095 1904 1166 tam
1946 1077 2174 1170 tenaciter

664 1251 835 1324 trunco
862 1254 1006 1355 atque
1033 1231 1292 1357 majoribus
1313 1265 1368 1324 ex
1386 1265 1448 1324 eo
1473 1232 1625 1324 enatis
1644 1232 1792 1324 ramis
1820 1230 2084 1348 adhaerent,
2115 1254 2172 1324 ut

663 1415 764 1478 non
798 1387 887 1480 nisi
915 1384 958 1480 vi
989 1385 1147 1479 divelli
1168 1410 1381 1511 queant,
1412 1389 1527 1480 adeo
1554 1389 1706 1480 etiam·
1723 1386 1813 1480 sibi
1844 1386 2044 1478 invicem
2069 1419 2174 1479 nec-

568 1581 571 1586 ·
664 1561 839 1636 tuntur
867 1543 1066 1658 ramuli,
1101 1563 1157 1636 ut
1186 1545 1345 1670 potius
1375 1537 1698 1636 menbranam
1728 1572 1973 1636 nervosam
2004 1543 2173 1636 consti-

664 1717 834 1813 tuant,
868 1731 1014 1823 qnam
1042 1721 1137 1793 rete
1162 1701 1322 1826 spatiis
1357 1700 1648 1792 distinctum.
1763 1781 1768 1794 .

734 1854 899 1946 Minus
933 1855 1143 1952 :adhaeret
1180 1856 1357 1956 arteriae
1394 1855 1611 1982 subjectae
1642 1853 1805 1981 plexus
1841 1853 2173 1945 mesentericus

664 2007 868 2103 inferior.
917 2011 1007 2116 Sed
1041 2013 1093 2105 in
1127 2044 1292 2139 genere
1319 2012 1377 2105 de
1416 2012 1512 2104 istis
1536 2011 1751 2138 plexibus
1784 2010 1833 2102 id
1867 2008 2168 2118 notandum,

664 2165 793 2286 quod
823 2167 944 2257 rami
978 2168 1156 2270 nervosi
1187 2168 1368 2260 truncis
1403 2188 1596 2260 tantum
1623 2186 1676 2258 et
1700 2163 1945 2292 principiis
1965 2195 2053 2254 seu
2084 2162 2171 2253 ori-

661 2319 851 2446 ginibus
878 2355 1121 2416 ramorum
1151 2346 1275 2426 arete
1294 2325 1399 2418 sint
1425 2323 1874 2434 naith-minoribus
1900 2319 2041 2412 ramis
2055 2349 2173 2414 reno

662 2473 814 2570 laxius
843 2479 1132 2596 adhaereant,
1166 2515 1248 2574 seu
1283 2484 1441 2609 potius
1478 2481 1586 2608 ipsis
1615 2477 1825 2606 paralleli
1863 2474 2098 2567 incedant.

667 2693 677 2730 r
733 2633 913 2726 lterum
941 2668 1115 2764 magna
1155 2633 1416 2730 differentia
1451 2635 1698 2732 intercedit
1727 2634 1852 2725 inter
1885 2628 2049 2757 plexus
2072 2629 2171 2721 'me-

661 2787 911 2880 sentericos
940 2811 1084 2913 atque
1111 2791 1304 2918 plexum
1343 2791 1574 2903 renalem,
1610 2790 1694 2913 qui
1729 2819 1841 2878 cum
1870 2784 2086 2910 hepatico
2117 2785 2169 2884 in

662 2973 716 3034 eo
739 2945 987 3058 convenit,
1017 2968 1084 3060 ut¹
1098 2947 1216 3039 rami
1242 2948 1340 3039 sint
1362 2947 1618 3059 crassiores,
1642 2943 1787 3070 magis
1810 2941 2008 3052 succosi‚
2037 2939 2168 3040 rubri

662 3117 712 3189 ct
742 3129 841 3190 non
876 3101 981 3193 raro
1015 3101 1208 3230 gangliis
1234 3103 1469 3229 permisti,
1501 3102 1629 3225 quod
1654 3129 1917 3220 :nunqnam
1946 3096 1997 3188 in
2028 3094 2171 3221 plexu

636 3245 868 3379 ¹splenico
896 3277 1040 3381 atque
1068 3260 1370 3350 mesenterico
1402 3256 1648 3352 observavi.
1753 3343 1756 3350 ,
1895 3321 1899 3332 ,
1953 3285 1956 3292 ⁴

668 3427 678 3480 -’
729 3407 901 3501 Flex-us
936 3411 1149 3534 denique·
1183 3389 1530 3542 hypogastrieus
1564 3412 1787 3505 omnium
1821 3406 1946 3499 mibi
1984 3405 2171 3498 ridetur

660 3567 865 3660 maxime
886 3569 1055 3683 siccus,
1074 3567 1259 3687 firmus,
1279 3574 1584 3699 potissimum·
1602 3572 1655 3664 in
1673 3602 1728 3661 eo
1748 3566 1872 3680 loco,
1895 3565 1978 3657 ubi
1996 3563 2170 3655 radices

660 3745 714 3811 tx
753 3743 965 3847 utroque
1005 3725 1145 3818 latere
1191 3729 1509 3843 conveniunt,
1544 3729 1605 3820 ad
1646 3749 1874 3819 truncum
1911 3719 2167 3844 quemdam

659 3873 839 3991 latum,
877 3880 928 3971 in
960 3883 1117 3975 medio
1147 3885 1260 3977 ossis
1291 3885 1405 3978 sacri
1437 3884 1669 4011 positum,
1699 3876 2060 4007 perficiendum·
2159 3907 2163 3918 '

667 4053 686 4104 ³·
731 4036 771 4152 §a
799 4027 877 4160 57.
916 4035 1117 4166 Ganglia
1148 4041 1244 4167 ipsa
1267 4073 1371 4133 -non
1396 4040 1604 4166 ejusdem
1636 4036 1815 4158 ubique
1827 4053 1951 4124 ‘sunt
1976 4050 2167 4122 naturae.

660 4185 718 4277 ln
743 4191 906 4310 quavis
928 4193 1114 4321 regione
1140 4228 1296 4290 unum
1318 4199 1446 4290 adest
1467 4191 1757 4324 principale:
1780 4189 1830 4280 in
1854 4185 1975 4286 collo
1994 4184 2169 4278 scilicet

659 4343 878 4436 cervicale
913 4380 1217 4474 supremum3
1260 4355 1311 4446 in
1345 4353 1557 4466 thorace,
1599 4345 1892 4441 thoracicum
1927 4341 2166 4468 primum;

660 4495 711 4592 itt
739 4498 1017 4619 abdomine,
1048 4508 1267 4637 ganglion
1293 4509 1589 4604 semilunare.
1626 4505 1734 4610 Haec
1760 4500 1849 4594 tria
1879 4495 2060 4626 ganglia
2090 4495 2167 4586 ad·

658 4655 858 4747 modum
881 4659 1008 4754 inter
1021 4693 1069 4754 se
1090 4665 1554 4792 discrepant·ratione
1573 4659 1729 4790 figurat
1748 4677 1893 4778 atquc
1903 4651 2165 4750 densitatis·

731 4807 970 4940 Ganglion
1020 4821 1238 4915 cervicale
1281 4851 1558 4951 supremum
1596 4813 1796 4938 'reliquis
1836 4829 1904 4904 est
1944 4805 2163 4934 longius,

656 4963 871 5084 mollius,
908 4992 1060 5096 atque.
1083 4975 1179 5068 haec
1211 4980 1441 5072 rubedine
1477 4972 1723 5069 antecedit

729 5117 968 5251 Ganglion
986 5127 1276 5226 thoracicum
1298 5137 1510 5263 primum
1532 5131 1698 5226 durius
1713 5159 1765 5218 ac
1784 5122 1946 5216 minus
1960 5117 2161 5218 rubmm

656 5277 885 5400 reperitur
917 5286 1207 5410 praecedenti.
