5080 6812
1368 568 1459 688 ao,

650 789 839 882 interno
868 788 1129 881 tenuiculo
1163 788 1442 901 inhaerente,
1470 786 1655 879 mirum
1692 787 2031 880 commercium
2064 787 2157 880 init

650 944 774 1034 inter
805 946 1062 1037 ‘cerebrum'
1090 966 1137 1037 et
1172 946 1340 1037 viscera
1371 943 1572 1036 thoracis
1601 963 1649 1034 et
1687 941 1980 1054 abdominis,
2018 944 2159 1036 innu-

650 1099 791 1192 meris
814 1097 1140 1224 phaenomenis
1173 1085 1451 1191 stabilitum.
1487 1098 1636 1211 Dein,
1666 1097 1787 1188 sicut
1819 1097 1870 1190 in
1899 1099 2158 1225 embryonc

650 1275 794 1376 atque
806 1255 941 1368 foetu,
962 1256 1198 1382 systemati
1218 1283 1433 1346 vasorum
1453 1253 1749 1379 capillarium
1768 1252 1967 1378 imperat
1987 1275 2033 1345 et
2056 1254 2159 1346 assi-

652 1408 911 1500 milationis
934 1443 987 1500 ac
1010 1410 1287 1502 nutritionis
1314 1410 1556 1536 negotium
1577 1409 1736 1536 dirigit
1756 1441 1845 1540 ope
1865 1409 1932 1501 vis
1949 1407 2158 1536 ,plasticae

651 1562 826 1677 vitalis,
854 1597 1002 1686 quam
1035 1565 1286 1658 Broassais
1312 1561 1540 1657 emmaum
1562 1566 1790 1662 ot'ventem
1811 1587 2081 1690 'nuncupat

723 1724 762 1838 y.
804 1749 914 1810 102.
950 1707 1246 1814 'Perlustratis
1276 1720 1528 1844 bucusque
1549 1719 1936 1848 ,physiologorum
1979 1720 2160 1846 opinio·

653 1873 820 1988 nibus,
869 1875 1004 1968 liceat
1041 1876 1161 1970 mibi
1197 1877 1392 2004 cogitata
1417 1909 1535 1968 -mea
1565 1878 1625 1968 de
1666 1877 1794 1968 nervi
1812 1875 2156 2003 -·sympathetici

653 2030 704 2120 in
728 2051 854 2123 stat-u
878 2065 993 2124 sano
1028 2032 1356 2125 functionibus
1383 2030 1623 2159 sigillatim
1647 2063 1889 2156 exponere.
1926 2029 2038 2146 Quo
2066 2062 2160 2121 me-

650 2183 743 2276 lius
771 2208 932 2278 autem
957 2187 1088 2279 istius
1116 2187 1243 2280 nervi
1272 2185 1498 2310 elucescat
1524 2188 1725 2314 digni-tas
1743 2208 1793 2276 et
1814 2218 1944 2300 usus,
1975 2217 2003 2276 a
2029 2217 2160 2312 gene·

652 2339 828 2432 ralibus
872 2342 1157 2465 quibusdam
1191 2342 1443 2469 principiis
1483 2363 1627 2466 atque
1659 2341 1718 2432 ab
1755 2339 2160 2433 observationibus

654 2496 918 2610 ordiamur,
955 2531 1072 2620 quas
1097 2500 1337 2590 anatomia
1365 2519 1638 2624 comparata
1668 2499 1805 2589 nobis
1831 2495 2157 2622 suppeditavit.

724 2655 765 2770 l.
801 2660 911 2743 103.
950 2656 1100 2749 Nemo
1125 2686 1238 2746 sane
1258 2650 1440 2746 inficias
1466 2655 1574 2765 ibit,
1607 2654 1658 2744 in
1688 2652 1975 2754 animalibus
2007 2652 2159 2743 adesse

653 2805 750 2898 vim
791 2809 1037 2930 quandam
1071 2809 1358 2923 centralcm,
1397 2839 1508 2902 cum
1552 2841 1647 2933 qua
1691 2810 1785 2903 vita
1823 2809 1997 2902 intimo
2035 2839 2159 2900 nexu

653 2961 908 3089 conjuncta
949 2986 1028 3058 est.

725 3119 876 3210 Nemo
911 3151 1050 3245 porro
1086 3120 1292 3248 negabit,
1329 3122 1466 3213 istam
1499 3123 1596 3212 vim
1624 3120 1879 3214 centralem
1914 3150 2000 3211 nec
2025 3139 2161 3246 syste-

654 3274 771 3373 mati
811 3307 970 3390 osseo,
1030 3307 1115 3366 nec
1150 3275 1419 3390 vasculoso,
1476 3307 1630 3401 neque
1668 3275 1961 3389 musculari,
2007 3307 2161 3399 neque

655 3429 838 3556 organis
869 3431 1192 3522 nutrientibus
1221 3430 1471 3540 inlraerere3
1499 3434 1577 3523 scd
1609 3433 1843 3560 systemati
1872 3432 2062 3524 cuidam
2092 3431 2162 3522 iu-

657 3585 772 3698 niti,
802 3588 930 3708 quod
946 3586 1147 3710 reliquis
1170 3586 1379 3680 nobilius
1405 3611 1494 3701 cst,
1520 3589 1830 3714 primumque
1855 3587 2161 3680 animalitatis

657 3733 967 3834 characterem
1020 3744 1243 3857 involvit,
1293 3765 1345 3834 et
1393 3773 1489 3867 quo
1534 3746 1693 3837 demto
1730 3745 1886 3836 omnis
1914 3744 1987 3836 tis
2027 3743 2159 3869 perit.

657 3896 795 3990 Certe
826 3896 915 3990 hoc
945 3922 1142 4028 systema
1174 3899 1243 3993 nil
1280 3898 1414 3993 aliud
1443 3924 1533 4015 cst,
1563 3934 1650 3994 nec
1683 3933 1775 3994 esse
1807 3922 1981 4028 potest,
2015 3931 2160 4023 quom

655 4075 849 4181 systema
882 4081 1144 4148 nervosum.

728 4207 1009 4302 Docuerunt
1052 4244 1138 4306 nos
1173 4211 1523 4337 disquisitiones
1569 4214 1865 4340 ¹anatomicae,
1909 4213 1960 4302 in
1993 4207 2160 4301 infima

656 4365 938 4458 animalium
978 4368 1097 4460 scala
1139 4370 1522 4485 nervos‘adesse,
1562 4372 1647 4494 qui
1684 4372 1751 4463 ori
1791 4392 1935 4493 atque
1979 4367 2161 4495 organis

658 4505 923 4648 digestionis
945 4525 1253 4650 prospiciunt.
1280 4525 1378 4640 sie,
1403 4527 1600 4653 exempli
1623 4527 1791 4655 gratia,
1809 4523 2034 4618 -annulus
2062 4555 2162 4614 ner-

657 4707 791 4768 tosus
811 4679 1039 4802 reperitur
1067 4681 1118 4772 in
1145 4681 1425 4807 sipunculis,
1453 4682 1756 4794 holothuriis,
1785 4682 1903 4773 circa
1929 4675 2180 4804 oesophagi.

540 4839 543 4846 ⁴
657 4831 948 4924 introitum.¹
984 4832 1062 4927 Sic
1084 4833 1129 4924 T
1124 4833 1368 4966 iedemann
1396 4839 1448 4930 in
1475 4837 1618 4930 stellis
1647 4837 1939 4951 marinis,·ct
1961 4831 2085 4965 Spica
2107 4833 2160 4923 in

703 5190 711 5217 ¹
737 5185 867 5261 Carus,
893 5185 1076 5250 Lehrbucla
1097 5187 1162 5254 der
1184 5186 1393 5264 Zootomiee
1418 5187 1587 5282 Leipzig,
1614 5193 1717 5278 rata,
1740 5189 1770 5276 §-
1789 5193 1842 5254 6⁵.
