5076 6816
1388 691 1482 783 108

674 929 680 948 ’
745 902 968 1027 Denique
1001 899 1067 997 G:
1083 899 1142 996 R.
1171 901 1455 1001 Treviranus
1471 903 1496 1018 ¹,
1527 904 1578 997 in
1611 902 1738 996 ranis
1766 895 2084 1030 experimenta
2116 907 2186 998 in-

673 1058 897 1175 stituens,
920 1081 1026 1186 post
1042 1061 1298 1154 sectionem
1322 1061 1574 1154 nervorum
1595 1059 1945 1152 ischiaticorum
1968 1061 2019 1152 in
2039 1093 2185 1154 mem-

673 1213 835 1307 branis
873 1217 1117 1311 natatoriis
1142 1218 1321 1344 pedum
1351 1216 1664 1342 posteriorum
1696 1215 2054 1342 pessumdatum
2086 1218 2185 1310 ani·

590 1401 594 1406 ·
661 1369 924 1464 ‘madvertit
944 1371 1186 1498 sanguinis
1204 1371 1457 1486 circulum,
1476 1372 1560 1495 qni
1582 1372 1634 1463 in
1653 1370 1853 1500 pedibus
1870 1371 2184 1466 anterioribus

673 1525 996 1620 continuabat?
1023 1547 1215 1653 propter
1250 1559 1414 1620 nervos
1449 1527 1621 1620 illaesos.

744 1680 947 1778 Nullum
969 1703 1109 1774 restat
1129 1684 1356 1799 dubium,
1379 1684 1500 1807 quin
1517 1683 1857 1780 observationes
1874 1681 1987 1797 istae,
2010 1682 2062 1774 in
2082 1714 2184 1778 ner-

516 1973 520 1982 1
671 1837 740 1930 vis
761 1840 1087 1938 membrorum
1112 1841 1260 1958 sactae,
1288 1842 1348 1934 ad
1370 1839 1700 1976 sympathetici
1732 1870 1886 1936 ramos
1911 1836 2009 1930 sint
2035 1837 2182 1964 appli-

672 1993 843 2086 candae.
1330 2015 1333 2022 “
1412 2017 1416 2024 ’
1913 2017 1915 2022 ’
2154 2029 2156 2036 ·

674 2171 696 2184 ”
748 2144 812 2265 4?
833 2147 1024 2242 Nexum
1042 2148 1238 2288 perficit
1261 2183 1431 2247 nervus
1450 2148 1824 2284 sympatlreticus
1843 2169 1987 2281 atque
2008 2149 2180 2246 mirum

670 2306 999 2398 commercium
1039 2307 1163 2400 inter
1199 2309 1447 2437 praecipua
1491 2309 1707 2440 eorporis
1745 2304 1942 2400 humani
1980 2337 2207 2434 organa.¹

743 2461 892 2564 Perse
910 2482 1057 2589 patet,
1081 2485 1128 2556 et
1144 2465 1410 2560 anatomica
1428 2466 1698 2590 disquisitio
1719 2465 1842 2556 clare
1866 2465 2176 2577 demonstrat,

670 2618 833 2710 omnia
853 2651 1047 2747 organa,
1061 2595 1208 2742 quasa
1230 2653 1371 2714 nervo
1389 2621 1730 2748 sympathetico
1749 2653 1902 2713 ramos
1917 2616 2175 2744 accipiunt,

671 2773 796 2866 inter
833 2807 880 2866 se
914 2807 1006 2866 esse
1047 2807 1178 2868 nexa.
1231 2778 1288 2867 ln
1332 2797 1525 2874 truncos
1561 2779 1692 2871 enim
1736 2774 1993 2870 confluunt
2034 2795 2082 2866 et
2123 2774 2174 2866 in

668 2927 852 3056 ganglia
879 2961 1043 3022 omnes
1074 2930 1246 3030 ramuli
1274 2932 1327 3023 in
1364 2932 1613 3025 visceribus
1640 2931 1841 3026 thoracis
1868 2953 2011 3054 atque
2037 2929 2177 3020 abdo-

670 3084 816 3176 minis
835 3083 972 3213 longc
992 3085 1179 3210 lateque
1199 3087 1389 3214 dispersi
1408 3125 1420 3180 z
1438 3121 1492 3182 ex
1512 3120 1610 3214 quo
1627 3089 1865 3214 sequitur,
1885 3107 1941 3179 ut
1962 3085 2033 3199 id,
2045 3083 2175 3209 quod

670 3241 722 3331 in
745 3233 1077 3335 uno'nascitur
1106 3263 1153 3336 et
1180 3243 1438 3370 percipitur
1461 3277 1654 3372 organo,
1675 3246 1837 3339 statim
1863 3245 1921 3336 ad
1947 3241 2078 3334 aliud
2102 3238 2174 3342 vel

669 3397 760 3490 alia
776 3431 869 3493 sese
892 3398 1109 3494 ressectat.
1128 3401 1341 3500 Excitato
1360 3434 1444 3528 per
1461 3386 1694 3495 alimenta
1707 3400 1989 3515 ventriculo,
2007 3397 2175 3525 longus

668 3553 1006 3651 intestinorum
1022 3576 1198 3650 tractus
1216 3558 1268 3651 in
1287 3558 1552 3650 tensionem
1577 3557 1878 3685 compellitur
1897 3579 1944 3649 et
1962 3576 2172 3663 motumr

667 3731 822 3839 turget
843 3712 974 3837 jecur
999 3736 1142 3836 atque
1166 3713 1322 3843 splen,
1345 3713 1454 3806 bilis
1471 3715 1660 3807 secretio
1686 3735 2009 3840 promovetur,
2030 3710 2174 3837 ipsius

665 3867 925 3994 systematis
950 3868 1149 3962 urinarii
1180 3871 1302 3963 actio
1333 3872 1498 3968 eodem
1525 3893 1771 3964 momento
1796 3868 2061 3980 extollitur,
2084 3865 2172 3958 avi„

667 4021 774 4114 dius
800 4053 941 4116 renes
975 4024 1113 4117 adse
1154 4026 1351 4152 rapiunt
1380 4027 1659 4154 sanguinem
1696 4049 1745 4121 et
1772 4025 2018 4138 humores,
2061 4019 2171 4114 celo

661 4177 858 4301 ⁴riusque
881 4179 1020 4271 urina
1042 4212 1128 4306 per
1149 4180 1429 4274 colatorium
1457 4183 1582 4276 istud
1607 4182 1788 4276 transit.
1825 4183 1889 4277 Et
1910 4181 2008 4273 vice
2025 4209 2169 4292 versa,

665 4331 786 4425 dnm
829 4365 985 4427 unum
1025 4336 1174 4429 viscus
1217 4335 1613 4466 chylopoieticum
1651 4337 1927 4466 agritudine
1965 4334 2171 4448 laborat,

666 4487 847 4612 reliqua
875 4489 1113 4618 languent.
1141 4489 1367 4617 Superius
1386 4493 1484 4622 jam
1510 4494 1631 4610 dixi,
1656 4495 1819 4587 minus
1844 4490 1965 4585 mihi
1990 4487 2171 4617 placere

663 4645 948 4738 sententiam
972 4681 999 4739 a
1031 4643 1202 4740 Biclot
1226 4649 1485 4776 prolatam,
1523 4683 1619 4775 qua
1647 4682 1818 4780 organa
1847 4645 2170 4744 abdominalia

666 4800 810 4898 nimis
844 4796 1057 4934 solitarie
1095 4805 1180 4922 (ut
1215 4806 1279 4898 ita
1305 4805 1490 4926 dicam)
1525 4807 1905 4918 considerantur,
1941 4835 2028 4896 nec
2061 4801 2169 4894 satis

544 5017 547 5024 ι
664 4977 898 5092 tanquam
929 4943 1077 5098 totum
1114 4963 1384 5091 concipitur
1410 4986 1632 5094 systema,
1667 4965 1857 5090 dequo
1886 4989 2040 5054 sermo
2079 4977 2167 5072 est,

710 5307 720 5338 ¹
744 5301 928 5398 Biologier
949 5315 1028 5388 ster
1045 5311 1166 5392 Band,
1186 5333 1224 5398 p.
1241 5315 1316 5392 646.
