5080 6812
1105 657 1166 760 61

383 893 638 1002 protracta,
652 905 795 968 omne
813 874 1118 974 tuberculum
1136 877 1188 969 in
1207 873 1452 970 floccosam
1470 877 1654 971 resolvit
1669 909 1889 991 massam,

384 1062 641 1156 nunquam
669 1032 720 1123 in
747 1025 928 1126 tentum
953 1032 1230 1128 cellulosum
1259 1033 1641 1160 degenerantem,
1666 1065 1747 1125 seu
1770 1032 1891 1124 solu-

384 1186 444 1278 tis
466 1187 667 1280 vinculis
684 1185 826 1313 plane
845 1189 1161 1317 divagantem.'
1184 1187 1410 1314 Apparet,
1432 1189 1731 1302 econtrario,
1753 1179 1889 1280 series

384 1369 663 1436 ncrveorum
699 1344 992 1457 staminum,
1029 1343 1160 1469 juxta
1200 1364 1394 1448 certum,
1414 1343 1630 1444 ordinem
1673 1339 1889 1435 inceden-

383 1494 540 1608 tium,
582 1498 704 1596 sicut
742 1497 794 1588 in
825 1498 1011 1626 ganglio
1050 1499 1346 1600 observamus
1387 1496 1595 1600 cervicali
1631 1491 1885 1622 superiori,

383 1651 519 1776 cujus
538 1651 711 1744 surculi
735 1655 998 1754 tenuissimi
1018 1654 1226 1752 cundem
1246 1673 1432 1750 servant
1454 1654 1723 1764 decursum,
1744 1673 1888 1774 atque

378 1806 479 1900 ¹sere
522 1839 698 1901 omncs
732 1811 996 1905 secundum
1042 1809 1391 1937 longitudinem
1435 1841 1516 1903 seu
1561 1807 1671 1906 axin
1715 1805 1886 1935 ganglii

381 1963 748 2087 protenduntur.
787 1963 937 2056 Aliter
962 1997 1009 2060 se
1031 1997 1101 2058 res
1123 1963 1268 2056 habet
1299 1963 1350 2052 in
1370 1961 1571 2090 gangliis
1592 1962 1737 2089 magis
1762 1969 1889 2054 com·

382 2117 581 2242 positis,
631 2113 838 2240 quorum
884 2120 1004 2210 rami
1052 2118 1111 2209 ad
1148 2117 1344 2209 diversas
1391 2119 1601 2224 tendunt
1645 2107 1886 2244 regiones,

384 2269 583 2396 exempli
623 2274 802 2406 gratia,
854 2275 906 2365 in
957 2271 1165 2380 cervicali
1210 2271 1418 2378 infcriori
1463 2293 1606 2395 atque
1651 2271 1886 2374 thoracico'

383 2426 576 2550 primo

383 2583 514 2677 Ιιι
543 2582 617 2675 his
651 2585 856 2682 fasciculi
892 2591 1066 2685 adsunt
1097 2586 1284 2704 molles,
1322 2589 1447 2681 varia
1480 2527 1782 2688 directione
1769 2619 1890 2682 tuce·

383 2736 568 2853 dentes,
599 2743 788 2864 partim
805 2777 898 2838 sese
928 2746 1242 2859 decussantes,
1275 2745 1450 2871 partim
1480 2745 1540 2835 ad
1574 2743 1718 2836 latera
1747 2745 1891 2836 diver·

381 2913 564 3018 gentes,
596 2896 771 3021 partim
800 2901 1011 3024 denique
1041 2901 1229 2995 diversis
1255 2899 1443 2992 sedibus
1471 2906 1781 3025 erumpentes.

455 3045 634 3143 Docuit
655 3051 1004 3180 laudatissimus
1024 3054 1232 3187 Scorpo,
1251 3057 1335 3180 qui
1353 3056 1575 3181 penitiori
1594 3054 1889 3183 gangliorum

382 3204 589 3296 examini
622 3207 862 3326 incubuit,
900 3243 1065 3304 omnes
1094 3212 1146 3302 in
1177 3209 1358 3338 ganglia
1390 3210 1700 3338 ingredientes
1727 3213 1889 3303 nervos

382 3357 449 3458 sic
476 3359 660 3475 dirimi,
691 3364 911 3482 distrahi,
947 3399 1001 3458 ac
1041 3366 1151 3458 dein
1186 3397 1344 3460 rursus
1379 3365 1626 3493 conjungi,
1662 3387 1718 3458 ut
1747 3397 1890 3458 unus-

383 3514 587 3638 quisque
628 3551 817 3636 eorum,
858 3521 942 3645 qui
983 3543 1181 3635 exeunt,
1218 3519 1514 3620 ramulorum
1548 3553 1573 3612 e
1606 3521 1889 3616 staminibus

381 3667 586 3795 cujusvis
602 3671 970 3802 ingredientium
989 3675 1276 3804 compositus
1294 3675 1365 3768 sit.
1394 3673 1489 3787 Sic,
1509 3672 1708 3801 exempli
1724 3675 1887 3802 gratia,

310 3910 316 3916 .
380 3844 630 3942 autumat,
667 3860 830 3924 nervos
861 3831 1026 3925 molles
1055 3853 1200 3955 atquc
1226 3831 1448 3924 caroticos
1477 3863 1502 3922 c
1535 3828 1719 3958 ganglio
1751 3831 1890 3924 cervi-

384 3977 472 4068 cali
497 4012 717 4106 supremo
738 3988 945 4102 emissos,
971 4021 1070 4082 non
1089 3987 1245 4091 solum
1267 4009 1325 4079 ex
1344 3985 1542 4080 surculis
1561 3987 1721 4109 quinti
1743 4009 1888 4109 atque

381 4135 497 4228 sexti
528 4139 862 4257 cerebralium,
895 4145 973 4236 sed
1002 4145 1146 4236 etiam
1173 4177 1228 4236 ex
1250 4141 1535 4240 staminibus
1570 4141 1776 4238 duorum
1804 4164 1889 4234 aut

382 4288 549 4382 trium
559 4266 829 4418 spinolium
860 4299 1133 4394 fabrefactas
1154 4333 1267 4396 esse.
1357 4392 1360 4400 .

456 4445 655 4540 Addidit
698 4451 904 4576 denique
946 4456 1118 4549 citatus
1141 4476 1345 4570 auctor,
1393 4452 1445 4545 in
1494 4453 1659 4576 quovis
1702 4452 1887 4581 ganglia

383 4599 538 4694 adesse
562 4603 812 4731 pulposam
836 4609 968 4711 illam
995 4613 1330 4727 substantiam,
1356 4629 1609 4707 nervorum
1635 4603 1899 4703 filamentis¹
1932 4651 1936 4660 ¹

384 4754 699 4882 interjectam,
750 4785 797 4855 et
838 4766 974 4894 cujus
1016 4802 1126 4861 usus
1164 4790 1232 4862 est
1268 4764 1439 4895 ganglii
1474 4765 1679 4857 stamina
1715 4766 1767 4869 in
1802 4798 1886 4858 sua

383 4911 489 5002 sede
525 4933 668 5036 atque
703 4918 868 5012 ordine
912 4923 1143 5039 detinere,
1189 4953 1337 5046 eaque
1380 4920 1532 5014 oleoso
1569 4951 1654 5012 suo
1686 4895 1900 5014 humore

383 5088 611 5192 perpetuo
647 5071 797 5165 lovere
827 5098 971 5201 atque
1003 5079 1216 5174 oblinire.

411 5317 415 5328 ,
456 5226 495 5344 5.
529 5221 609 5316 81.
666 5229 775 5319 Jam
818 5253 930 5325 ante
973 5232 1208 5366 Scarpam
1244 5236 1296 5329 in
1330 5233 1554 5332 fabricam
1594 5232 1888 5364 gangliorum
