5076 6816
1408 722 1507 872 tiid

1036 1021 1867 1208 ‘conminuunt‘

1437 1477 1473 1568 l.

772 1651 866 1752 Ad
887 1661 955 1781 §5
979 1657 1067 1776 48,
1096 1667 1183 1784 49,
1211 1650 1290 1750 50.
1327 1657 1458 1754 Nova
1483 1676 1628 1779 atque
1663 1674 1845 1749 attenta
1870 1655 2154 1780 disquisitio,
2183 1694 2211 1754 a

702 1813 981 1933 dexterrimo
1001 1816 1189 1908 doctore
1208 1796 1457 1904 'Ebrmann
1477 1812 1717 1926 instituta,
1739 1803 2211 1907 administrationum

701 1973 1079 2092 anatomicarum
1111 1972 1163 2063 in
1200 1968 1443 2062 Facultate
1478 1989 1636 2061 nostra
1668 1969 1848 2062 medica
1884 1968 2118 2096 praesecto,
2147 2003 2212 2064 se-

701 2128 897 2248 quentia
928 2099 1091 2222 docuit
1121 2103 1242 2220 circa
1273 2127 1524 2219 inventum
1552 2119 1840 2218 Jacobsonit'.

774 2279 1016 2411 Ganglion
1045 2283 1175 2376 nervi
1203 2281 1631 2411 glosso-pharyngei
1666 2280 1910 2374 ramulum
1936 2281 2115 2375 emittit
2139 2303 2211 2376 sat

699 2439 1037 2564 conspicuum,
1071 2439 1180 2563 qui,
1214 2468 1298 2564 per
1333 2438 1547 2529 foramen
1581 2436 1634 2528 in
1670 2435 1786 2527 facie
1823 2435 2032 2528 inferiori
2064 2439 2210 2565 partis

696 2614 889 2717 petrosae
918 2595 1027 2686 ossis
1053 2615 1325 2721 temporum
1352 2592 1584 2719 positum,
1619 2591 1671 2682 in
1701 2590 1914 2683 canalem
1945 2591 2092 2686 intrat
2121 2594 2207 2686 ossi

698 2748 1005 2876 insculptum.
1043 2752 1134 2842 Iste
1157 2748 1394 2863 ramulus,
1423 2749 1541 2840 dum
1561 2747 1620 2839 ad
1643 2747 2028 2873 promontorium
2057 2782 2210 2876 perve-

696 2904 792 3018 nit,
807 2905 859 2996 in
876 2904 1456 3018 tressurculosdividitur,
1471 2935 1679 3027 quorum
1693 2904 2208 3030 primus‚desccndens,

694 3091 850 3153 versus
876 3063 1137 3156 fenestram
1155 3062 1311 3155 tendit
1339 3061 1598 3155 rotundam
1616 3099 1629 3170 3
1647 3061 1913 3175 secundus,
1937 3063 2207 3178 ascendens,

695 3247 837 3316 nervo
846 3217 1052 3312 Vidiano
1067 3214 1348 3345 superficiali
1365 3203 1446 3309 seu
1463 3239 1647 3344 petroso
1659 3250 1752 3310 sese
1768 3218 1842 3344 adj
1852 3218 1986 3346 ungit
1992 3256 2005 3327 ;
2025 3219 2204 3332 tertius,

692 3376 1099 3470 versusanteriora
1121 3375 1390 3488 decurrens,
1417 3406 1501 3500 per
1520 3396 1707 3501 septum
1730 3406 1912 3466 osseum
1932 3406 1957 3466 e
1977 3394 2206 3501 tympano

694 3525 747 3618 in
768 3528 981 3622 canalem
991 3498 1257 3624 ¹coroticum
1274 3550 1513 3657 penetrat,
1538 3551 1584 3622 et
1599 3529 1757 3657 plexui
1779 3562 1971 3624 nervoso
1988 3531 2206 3623 arteriam

692 3685 948 3779 carotidem
973 3687 1251 3810 illaqueanti
1282 3719 1376 3780 sese
1405 3687 1642 3791 admiscet.

741 3903 743 3906 -
766 3844 825 3934 In
847 3875 952 3935 uno
972 3845 1190 3938 cadavere
1204 3843 1426 3973 ganglion
1444 3845 1574 3937 nervi
1597 3843 2016 3974 glossopharyngei
2035 3845 2207 3971 recepit

693 3997 937 4092 ramulum
967 4001 1416 4106 communicantem⁴
1437 4001 1567 4094 nervi
1588 3999 1947 4128 sympathetici‚
1970 4035 1995 4095 e
2019 4000 2203 4132 ganglio

695 4150 904 4276 ejusdem
935 4155 1145 4248 cervicali
1170 4188 1392 4282 supremo
1420 4177 1684 4284 exeuntem.
1800 4256 1808 4273 ,

1422 4387 1487 4478 ΙΙ.

735 4533 864 4648 Ad
880 4551 920 4667 5.
945 4554 1025 4663 44.
1070 4549 1250 4642 Iterum
1286 4581 1450 4644 nervos
1481 4551 1716 4664 uterinos,
1756 4551 1874 4643 duce
1908 4548 2206 4642 celeberrimo

705 4695 989 4794 Tiedemann
1004 4702 1029 4818 ¹,
1056 4705 1254 4798 rimatus
1278 4729 1346 4800 est
1372 4709 1542 4800 citatus
1562 4708 1725 4800 doctor
1743 4701 1989 4796 Ehrmann
2016 4706 2068 4797 in
2094 4705 2207 4797 duo·

700 4853 791 4949 bus
824 4858 1133 4952 cadaveribus.

772 5013 954 5125 Prim0‚
982 5014 1033 5105 in
1060 5047 1287 5142 puerpera
1314 5019 1513 5145 septimo
1544 5019 1620 5111 die
1642 5038 1748 5143 post
1776 5037 1971 5144 partum
1996 5036 2206 5135 mortua,

701 5167 942 5259 numerosi
966 5169 1281 5267 cernebantur
1301 5175 1420 5267 rami
1446 5198 1551 5268 tum
1574 5174 1763 5266 arterias
1780 5171 2078 5300 spermaticas
2099 5191 2205 5264 tum

751 5377 760 5406 ¹
784 5376 924 5444 Tubulo
942 5395 1127 5446 nervorum
1145 5379 1245 5448 uteri.
1274 5384 1514 5472 Heidelberg„
1541 5387 1648 5464 18223
1671 5380 1785 5448 iu-fol.
1909 5461 1913 5466 Ι
