5076 6816
1368 663 1467 760 106

662 882 897 1003 musculos
924 880 1226 976 voluntarios.
1270 882 1362 977 Sed
1393 883 1560 976 exinde
1591 913 1692 978 nou
1726 885 2045 1015 colligendum
2076 916 2166 1009 est,

661 1041 792 1154 istud,
811 1069 1026 1167 ,organon
1056 1037 1406 1150 nobilissimum
1437 1070 1691 1134 nervorum
1725 1042 1925 1168 imperio
1953 1047 2201 1142 absolute*

658 1229 749 1288 esse
772 1197 1076 1292 subductum.
1115 1197 1288 1291 Nonne
1311 1197 1568 1289 observatio
1592 1199 1893 1320 quotidiana,
1918 1234 2023 1325 quae
2045 1227 2167 1298 certe

657 1351 986 1478 experimentis
1014 1351 1064 1444 in
1097 1350 1211 1442 vivis
1235 1351 1526 1445 animalibus
1546 1353 1692 1479 captis
1715 1359 2048 1481 anteponenda
2078 1337 2174 1474 est,-

655 1511 929 1636 passionum
971 1507 1210 1600 influxum
1249 1509 1301 1601 in
1338 1511 1489 1602 cordis
1529 1511 1766 1605 actionem
1806 1513 2055 1608 manifesto
2093 1518 2166 1608 de·

657 1669 926 1759 monstrat?
978 1667 1040 1759 Et
1083 1662 1293 1756 inssuxus
1333 1663 1411 1759 ille
1449 1698 1570 1760 num
1607 1668 1666 1758 ad
1704 1699 1784 1758 cor
1820 1671 2035 1794 pervenit
2072 1671 2163 1764 alia

656 1824 753 1936 via,
789 1823 879 1916 nisi
911 1856 994 1949 per
1024 1824 1224 1914 nervosi

658 2111 659 2116 Ν
727 1979 917 2106 Duplex
939 2010 1181 2106 agnoscere
1211 1975 1436 2068 debemus
1461 2007 1641 2070 munus
1665 2000 1810 2104 atque
1838 1983 2081 2112 negotium
2108 1985 2161 2080 in

656 2139 808 2232 nervis
838 2134 1075 2232 musculos
1110 2134 1430 2228 adeuntibus:
1454 2133 1669 2259 primum
1699 2135 1895 2253 scilicet,
1931 2162 1988 2232 ut
2016 2144 2164 2236 conti-

655 2329 773 2411 nue,
807 2318 952 2420 atque
982 2291 1305 2387 tramitenon
1342 2289 1632 2416 interrupto,
1672 2294 1898 2388 musculis
1932 2295 2163 2422 (cujusvis

652 2453 750 2548 sint
771 2449 967 2564 indolis)
993 2473 1166 2543 tonum
1190 2446 1490 2572 imprimant,
1512 2447 1676 2562 robur,
1696 2450 1930 2578 energiam
1947 2453 2160 2569 vitalem,

652 2609 880 2732 animales
906 2628 1086 2698 naturae
1107 2603 1391 2696 characteres
1417 2624 1561 2726 atque
1582 2607 1909 2736 proprietates;
1937 2607 2159 2725 alterum,

653 2788 710 2864 ut
738 2763 991 2862 stimulum
1020 2764 1200 2853 ducant
1229 2793 1255 2850 a
1284 2759 1471 2853 cerebro
1500 2758 1873 2885 proficiscentem
1901 2766 1960 2856 ad
1989 2761 2159 2862 fibram

652 2923 924 3034 metricem,
964 2907 1062 3041 quo
1084 2914 1322 3007 excitetur
1353 2915 1413 3005 ad
1448 2936 1649 3008 motum.

724 3078 861 3170 Prius
890 3073 1133 3202 negotium
1163 3069 1480 3163 evidenterin
1515 3073 1653 3164 corde
1683 3074 1891 3190 obtinet,
1921 3079 2039 3174 dum
2060 3108 2160 3204 pos·

651 3237 797 3334 terius
830 3267 857 3325 a
884 3228 1081 3324 stimulo
1114 3224 1362 3352 suppletur
1399 3227 1642 3354 sanguinis
1678 3229 1729 3321 in
1762 3253 1888 3324 statu
1927 3235 2157 3351 naturali,

650 3391 723 3485 vel
746 3390 807 3488 ab
833 3387 984 3482 animi
1006 3381 1380 3512 patbematibus,
1407 3413 1487 3474 seu
1509 3381 1612 3476 aliis
1634 3386 1812 3482 morbis
1832 3389 1884 3482 in
1905 3411 2029 3484 statu
2050 3424 2159 3517 pm·

650 3542 929 3642 tornaturali
948 3583 959 3635 r
979 3571 1033 3634 ex
1052 3573 1148 3664 quo
1166 3536 1398 3660 sequitur,
1419 3569 1583 3632 nervos
1602 3541 1654 3636 in
1678 3542 1904 3636 musculis
1921 3545 2156 3643 voluntati

650 3705 866 3798 obnoxiis
897 3693 1075 3829 duplos
1104 3725 1285 3787 munus
1312 3689 1554 3822 perficere;
1585 3693 1789 3829 simplex
1812 3733 1919 3798 vero
1949 3702 2000 3799 in
2034 3715 2159 3798 mus-

651 3861 769 3955 culis
805 3854 1147 3954 involuntariis.

723 4019 970 4128 Ceterum,
1012 4008 1206 4135 quaestio
1243 4005 1404 4134 agitari
1439 4028 1615 4134 potest,
1647 4043 1814 4106 annon
1849 4016 1978 4107 nervi
2018 4017 2158 4114 inter·

650 4174 832 4268 eostalis
872 4170 1021 4283 rami,
1062 4166 1146 4291 qui
1188 4165 1248 4255 ad
1284 4164 1522 4258 musculos
1560 4166 1853 4264 voluntarios
1885 4175 2156 4299 pertinent,

649 4333 812 4424 eadem
855 4327 1035 4421 ratione
1066 4355 1160 4415 sese
1191 4319 1421 4434 babeant,
1453 4354 1600 4445 quam
1638 4325 1767 4418 nervi
1806 4361 1832 4422 e
1865 4330 2050 4426 cerebro
2084 4331 2155 4427 vel

648 4486 819 4614 spinali
857 4481 1064 4576 medulla
1103 4477 1363 4605 producti?
1407 4477 1596 4573 Surculi
1635 4481 1695 4575 ad
1734 4484 1972 4578 musculos
2010 4509 2156 4582 rectos

650 4646 814 4772 capitis
841 4641 1020 4736 anticos
1054 4636 1273 4762 majores,
1306 4633 1468 4763 longos
1497 4637 1631 4754 colli,
1670 4641 1789 4734 rami
1820 4623 2059 4736 numerosi
2094 4645 2154 4738 ad

648 4824 836 4929 septum
864 4822 1209 4906 transversum,
1258 4791 1377 4916 quid
1407 4813 1555 4909 vetat,
1585 4797 1719 4920 quin
1757 4821 1947 4892 motum
1985 4803 2156 4928 produ·

649 4971 783 5072 cant,
808 4960 926 5049 dum
955 4953 1204 5047 irritantur
1230 4948 1515 5076 agalvanico
1535 4951 1606 5046 vel
1630 4954 1795 5076 quovis
1816 4955 1910 5048 alio
1927 4956 2156 5052 stimulo?

720 5115 1077 5208 Dubitaverunt
1101 5104 1360 5234 physiologi
1383 5107 1440 5198 de
1463 5138 1716 5202 nervorum
1742 5111 1940 5238 imperio
1968 5114 2019 5208 in
2041 5137 2158 5210 arte-

650 5274 762 5388 rias,
778 5306 833 5365 ex
848 5304 899 5366 ea
919 5265 1219 5399 potissimum
1238 5260 1440 5380 ratione,
1464 5263 1578 5394 quia
1598 5265 1651 5359 in
1674 5268 1872 5362 artubus
1888 5269 2157 5404 paralyticis
