5080 6812
1389 657 1455 788 76

662 882 840 976 luntati
870 879 1145 994 submissos,
1184 873 1385 1003 exempli
1412 875 1583 1003 gratia,
1615 872 1945 1005 diaphragma,
1968 882 2175 1011 reliquos

662 1038 901 1132 musculos
924 1059 1069 1130 costas
1094 1054 1333 1128 moventes
1360 1031 1574 1125 obtinere
1597 1063 1761 1124 nervos
1789 1037 2028 1167 egangliis
2061 1044 2173 1171 (spi.

661 1193 874 1312 nulibus)
900 1193 1112 1301 emissos;
1149 1183 1212 1282 2.⁰
1231 1219 1404 1318 organa
1427 1186 1664 1281 voluntati
1691 1187 1953 1307 subtracta,
1979 1196 2171 1292 videndi

638 1349 832 1479 ‘gratim
864 1346 1209 1462 ventriculum,
1244 1379 1271 1437 a
1301 1345 1404 1472 pari
1437 1375 1549 1473 vago
1583 1376 1738 1438 ramos
1765 1350 2002 1466 mutuari,
2035 1352 2171 1448 nullo

658 1507 844 1638 ganglio
878 1506 1085 1633 praedito.
1614 1519 1618 1526 '

731 1669 772 1784 ς.
792 1695 876 1791 97.
912 1658 1145 1790 Scarpa¹,
1172 1658 1233 1750 ad
1253 1649 1476 1750 Mecloelii
1493 1678 1539 1748 et
1559 1656 1726 1748 Zinnii
1740 1660 2027 1756 sententiam
2049 1698 2171 1761 acce-

659 1821 799 1936 dens,
826 1817 1061 1950 triplicem
1091 1815 1260 1908 statuit
1284 1811 1580 1941 gangliorum
1609 1847 1780 1908 usum:
1809 1848 1973 1914 nervos
1997 1851 2170 1950 nempe

659 1975 978 2104 disjungendi,
999 1971 1355 2082 commiscendi,
1371 2002 1425 2060 ac
1446 1969 1618 2062 iterum
1633 1969 1893 2100 colligendi.
1912 2042 1933 2082 ,
1948 1974 2168 2072 Primum

658 2203 679 2246 ,
730 2135 861 2228 enirn
879 2162 1042 2223 nervos
1057 2123 1379 2221 crassiusculos
1397 2124 1748 2241 discriminant,
1769 2128 1820 2219 in
1842 2127 1999 2254 plures
2016 2135 2169 2230 mino·

657 2358 678 2401 ,
730 2322 800 2383 res
828 2286 1039 2383 surculos
1062 2283 1305 2395 dividunt,
1336 2313 1507 2404 eosque
1530 2281 1589 2372 ad
1615 2283 1764 2376 varios
1787 2284 1983 2412 angulos
2003 2290 2168 2384 varias-

656 2511 677 2554 ,
729 2478 823 2569 que
846 2443 1123 2536 directiones
1145 2440 1208 2532 ita
1234 2436 1491 2552 inclinant,
1513 2458 1569 2529 ut
1593 2437 1678 2564 ipsi
1701 2439 1761 2531 ab
1783 2470 1883 2537 uno
1905 2417 2166 2568 eodemque

656 2669 677 2712 ,
728 2600 887 2693 trunci
935 2599 1039 2692 loco
1082 2596 1142 2690 ad
1181 2614 1325 2686 certas
1359 2593 1564 2719 corporis
1598 2614 1773 2719 partes,
1814 2592 1925 2692 licet
1964 2629 2164 2695 numero

656 2826 676 2868 ,
727 2756 885 2884 plures
907 2779 954 2848 et
974 2754 1132 2881 positu
1153 2753 1300 2844 varias
1326 2748 1623 2873 dissitasquc,
1654 2752 1900 2846 commode
1928 2776 1976 2876 et
1999 2788 2165 2884 oppor.

655 2982 676 3022 ,
730 2935 848 3006 tune
880 2930 1061 3035 queant
1091 2907 1316 3000 derivaris
1346 2905 1533 3000 Deinde
1567 2937 1750 3022 nervos,
1786 2908 1963 3036 origine
1994 2944 2077 3005 sua
2109 2947 2165 3010 ex

653 3138 675 3182 ,
727 3065 1021 3196 cerebroqvel
1067 3097 1121 3156 ex
1160 3060 1332 3189 spinali
1370 3060 1585 3154 medulla
1625 3063 1900 3180 distinctos,
1947 3088 1995 3159 et
2036 3070 2162 3168 idem

654 3294 675 3337 „
696 3311 702 3320 .
725 3225 946 3356 ganglion
963 3223 1251 3349 ,attingentes
1286 3251 1340 3310 ac
1368 3218 1646 3336 subeuntes,
1683 3220 1748 3312 ita
1780 3220 2019 3317 miscendo
2055 3258 2164 3328 con-

653 3448 675 3491 ,
725 3383 933 3497 sociant,
971 3365 1043 3472 ut⁸
1061 3375 1391 3499 unusquisque
1419 3406 1602 3489 ramus,
1634 3376 1756 3508 inde.
1776 3378 1953 3494 exiens,
1985 3413 2039 3473 ex
2070 3379 2163 3484 filis

651 3607 673 3650 ,
723 3540 939 3668 plurium
982 3534 1374 3663 conjugationum
1417 3552 1760 3659 componatur,
1799 3555 1847 3626 et
1885 3559 2066 3631 constet
2107 3572 2162 3632 ex

651 3762 674 3806 «
722 3693 1011 3790 staminibus
1050 3721 1302 3785 nervorum
1349 3688 1596 3804 omnium,
1637 3689 1722 3812 qui
1768 3690 1892 3785 intra
1938 3695 2195 3824 ganglion,

652 3921 673 3964 ,
723 3871 1101 3981 penetraverunt.
1157 3845 1339 3960 Tertio,
1375 3845 1601 3959 demum,
1644 3878 1896 3939 nervorum
1925 3851 2159 3970 surculos,
2203 3945 2206 3954 A

651 4076 671 4118 «
724 4031 914 4122 tenues,
958 4004 1142 4132 plures,
1183 4000 1372 4117 molles,
1405 4022 1549 4138 atque
1587 4000 1869 4128 disjunctos,
1912 4007 1965 4098 in
1999 4039 2157 4104 unum

650 4233 672 4276 ,
723 4165 1024 4284 eundemque
1054 4156 1392 4290 'duriusculum
1429 4177 1659 4255 truncum
1700 4158 1930 4288 colligunt
1966 4185 2014 4256 et
2050 4197 2158 4259 con·

651 4387 674 4431 ,
722 4322 994 4449 jungunt'

723 4477 861 4570 Hanc
888 4472 1271 4601 explicationem,
1307 4472 1367 4563 ad
1398 4467 1706 4570 intercostalis
1736 4474 1867 4568 nervi
1905 4476 2155 4576 decursum

651 4633 915 4761 applicans,
947 4648 1181 4723 monstrat
1210 4627 1537 4723 celeberrimus
1564 4649 1752 4744 auctor,
1785 4634 2027 4752 quomodo
2048 4667 2157 4763 gan·

649 4790 741 4920 glia
781 4788 913 4882 istius
951 4786 1081 4880 nervi
1115 4806 1231 4878 sunt
1272 4785 1521 4911 disposita,
1557 4804 1614 4875 ut
1657 4785 1708 4874 in
1741 4787 1891 4911 spatio
1925 4789 2153 4906 minimo,

650 4982 705 5044 ex
735 4968 1006 5073 opportuno
1032 4941 1157 5056 loco,
1184 4962 1369 5036 etcum
1402 4938 1624 5036 facilitate
1646 4940 1876 5060 mirabili,
1902 4976 2154 5050 nervorum

699 5295 1119 5388 'Lc,cap.2‚§.x
