5080 6812
1098 716 1157 818 81'

366 945 457 1038 bus
487 945 707 1037 cardiacis
740 965 1043 1070 emergentes,
1077 967 1220 1067 atque
1263 943 1315 1037 in
1350 941 1528 1037 collum
1563 935 1871 1076 ascendentes.-

369 1100 631 1192 Funiculu's
670 1101 792 1225 ipse,
833 1132 917 1226 per
957 1100 1304 1228 longitudinem
1342 1100 1474 1226 juxta
1511 1099 1698 1226 spinam
1748 1099 1871 1189 dorsi

366 1277 640 1381 protensuS‚
671 1276 814 1378 atque
839 1257 928 1346 sub
949 1257 1157 1347 nomine
1189 1256 1321 1349 nervi
1357 1251 1669 1346 intereostalis
1705 1253 1869 1368 nocue,

368 1407 673 1503 conductores
703 1412 822 1522 istos,
850 1410 1045 1503 assumit
1078 1433 1124 1501 et
1156 1411 1392 1536 systemati
1423 1408 1641 1502 cerebrali
1677 1441 1872 1501 connec-

368 1568 452 1680 tit,
486 1567 604 1658 dum
632 1599 687 1656 ex
705 1564 847 1657 altera
870 1588 1002 1691 parte
1031 1561 1174 1658 omne
1195 1587 1391 1692 systema
1418 1563 1709 1693 gang'liosum
1736 1567 1871 1687 quasi

367 1721 733 1835 circumscribit,
773 1721 916 1845 atque
957 1756 983 1813 a
1019 1721 1195 1847 sphaera
1239 1721 1456 1812 cerebrali
1504 1741 1695 1845 separat.
1757 1721 1870 1812 Duo

366 1907 537 2003 nempe
575 1909 827 1969 nervorum
865 1876 1314 2004 sympatheticorum
1346 1877 1523 1988 trunci,
1560 1875 1754 1968 inferius
1783 1861 1882 2002 ope¹

364 2032 535 2159 ganglii
569 2033 772 2161 coccygei
805 2065 885 2124 seu
915 2033 1035 2123 aneae
1065 2063 1264 2124 nervosae
1305 2032 1429 2122 inter
1458 2063 1504 2121 se
1528 2030 1703 2155 juncti,
1739 2064 1870 2157 supe-

365 2188 462 2278 rius
492 2220 598 2278 vero
619 2220 702 2313 per
731 2187 997 2302 cerebrum,
1025 2186 1344 2278 mediantibus
1369 2187 1519 2277 nervis
1538 2186 1698 2308 quinti
1725 2209 1885 2310 atquev

364 2343 478 2434 sexti
515 2344 638 2468 paris
675 2343 827 2454 uniti,
864 2341 1178 2467 peripheriam
1210 2341 1510 2432 constituunt
1551 2342 1601 2430 in
1638 2343 1867 2467 seipsam

365 2498 665 2609 redeuntem,
689 2496 782 2588 sive
809 2496 1036 2621 sphaeram
1060 2496 1337 2620 ellipticam,
1365 2526 1469 2617 quae
1490 2499 1866 2624 totum'systema

307 2627 309 2632 ⁵
362 2651 657 2779 gangliorum
686 2672 830 2773 atque
863 2648 1090 2775 plexuum
1121 2649 1335 2744 includit.
1380 2649 1674 2778 Immergunt
1706 2675 1868 2746 autem

362 2837 409 2898 se
449 2807 500 2896 in
547 2807 683 2898 istam
719 2805 948 2931 sphaeram
990 2835 1244 2896 nervorum
1285 2803 1601 2896 cerebralium‘
1636 2789 1867 2930 quintus,

363 2985 537 3076 sextus,
563 2960 1042 3090 glossopharyngeus,
1063 2991 1203 3088 vagus
1225 2981 1369 3081 atque
1396 2958 1706 3087 hypoglossus.

438 3107 504 3208 3.⁰
525 3091 663 3209 Rami
689 3117 787 3230 isti,
813 3117 1040 3241 plexuum
1065 3111 1391 3225 conductores,
1410 3118 1670 3242 perfectum
1690 3121 1867 3216 efficere

362 3272 633 3365 viderentur
667 3271 915 3364 vinculum
955 3273 1080 3362 inter
1121 3292 1318 3397 systema
1355 3269 1560 3364 animale
1587 3271 1743 3398 'atque
1778 3311 1868 3405 sys-

363 3449 488 3521 tema
520 3430 853 3566 vegetativum
886 3448 1045 3519 motus
1077 3458 1258 3540 omnes,
1296 3457 1415 3548 quos
1454 3428 1548 3519 ima
1583 3432 1752 3525 viscera
1788 3466 1867 3560 pa-

361 3584 572 3696 tiuntur,
606 3584 665 3676 ad
696 3585 958 3676 sensorium
988 3612 1245 3673 commune
1274 3582 1456 3673 traduci
1486 3583 1781 3704 viderentur,
1803 3613 1867 3684 et

360 3740 459 3831 vice
498 3771 623 3832 versa
666 3739 885 3832 voluntas
931 3739 982 3828 in
1031 3767 1201 3864 organa
1252 3731 1453 3870 thoracis
1506 3719 1552 3829 et
1596 3740 1866 3838 abdominis

362 3918 586 3987 exerceret
620 3896 874 4032 imperium
911 3895 1270 4008 inconcussum,
1308 3893 1359 3983 ni
1389 3915 1547 3988 motus
1575 3896 1649 3988 isti
1681 3901 1732 3991 in
1761 3934 1865 3995 con·

361 4046 636 4144 ductoribus
674 4053 1134 4176 interrumperentur
1166 4081 1251 4177 per
1287 4049 1461 4164 nodos,
1508 4082 1626 4174 quos
1663 4055 1863 4186 ganglia

361 4205 671 4333 appellarunt.
1397 4217 1410 4286 ὗ

433 4361 602 4489 Magna
624 4364 754 4456 enim
778 4363 913 4455 series
932 4395 1014 4455 seu
1038 4383 1202 4454 catena
1220 4355 1534 4488 gangliorum‚
1560 4361 1734 4487 quibus
1755 4401 1867 4494 prae-

361 4517 489 4608 ditus
514 4539 581 4610 est
604 4535 765 4611 'ramus
787 4519 1150 4611 'communicans
1165 4509 1451 4643 ¹principalis
1483 4519 1705 4635 (truncus
1732 4529 1862 4622 nervi

359 4672 738 4799 sympathetici),
784 4698 1059 4799 sequentem
1102 4673 1245 4765 habet
1290 4707 1459 4787 usum,
1508 4698 1564 4767 ut
1613 4667 1680 4768 1.⁰'
1710 4665 1861 4776 animi

361 4826 615 4952 imperium
646 4829 697 4920 in
721 4863 889 4958 organa
914 4833 1101 4923 interna
1129 4850 1273 4951 atque
1301 4830 1359 4919 ad
1388 4829 1535 4920 vitam
1560 4838 1862 4959 vegetativam

354 4982 645 5108 „pertinentia
679 4986 926 5114 infringam
966 4981 1039 5078 a.⁰'
1059 5006 1114 5078 ut
1132 4983 1404 5110 patbemata
1426 5017 1506 5076 seu
1541 4985 1864 5114 impressiones

361 5136 576 5252 internae,
616 5173 731 5263 quas
756 5143 993 5269 'processus
1022 5138 1175 5234 vitalis
1205 5161 1431 5265 perpetuo
1467 5141 1519 5233 in
1558 5148 1739 5272 organis
1776 5183 1862 5242 nu-

361 5291 542 5438 tritioni
592 5294 788 5422 praefixis
827 5296 1025 5411 evolvit,
1060 5297 1205 5412 ,intra
1252 5327 1387 5388 suam
1433 5317 1576 5419 atque
1619 5289 1863 5431 propriam

1476 5484 1529 5542 ιι
