5080 6812
1078 731 1146 828 9¹·

355 954 554 1018 nervum
585 921 983 1050 sympathcticum
1017 949 1269 1046 superesse,
1306 903 1501 1044 ejusque
1530 916 1803 1046 ‘functiones
1833 949 1862 1008 a

353 1081 452 1173 solo
488 1111 631 1171 nervo
659 1111 771 1206 vago
804 1075 977 1204 perfici.
1024 1074 1095 1170 Ex
1112 1071 1227 1199 'quo
1259 1077 1495 1198 sequitur,
1530 1075 1660 1198 quod
1694 1105 1863 1165 nervus

353 1268 493 1363 vagus
526 1235 691 1326 eodem
731 1266 843 1327 cum
877 1207 986 1359 jure⁴
1020 1232 1171 1324 nervis
1211 1231 1317 1324 vitae
1346 1231 1606 1360 vegetativae
1636 1230 1862 1322 adnumc·

355 1392 532 1484 randus
567 1391 628 1482 sit
663 1423 809 1514 quam
846 1381 1213 1519 sympatheticus
1246 1389 1352 1516 ipsc.
1883 1385 1886 1390 ’

425 1546 650 1668 Denique
686 1546 738 1637 in
781 1547 1006 1638 omnibus
1044 1544 1329 1638 animalium
1373 1542 1621 1637 ordinibus
1660 1529 1861 1634 nervum

353 1699 780 1830 sympatheticum,
816 1703 973 1826 quoad
997 1695 1133 1794 suam
1165 1695 1503 1812 excultionem,
1532 1701 1717 1824 semper
1750 1728 1861 1788 cum

352 1859 662 1985 praestantiori
704 1883 935 1988 apparatu
975 1839 1212 1953 vasculoso
1257 1862 1522 1987 conspirare
1564 1865 1862 1981 compertum

354 2034 446 2129 est,
481 2047 578 2139 quo
610 2017 862 2142 probatur,
895 2051 1007 2109 eum
1038 2017 1090 2108 in
1120 2003 1318 2145 gratiam
1349 1999 1567 2109 vasorum
1598 2043 1690 2104 esse
1719 2011 1864 2105 sebre-

355 2171 548 2264 sactum.
960 2293 964 2306 1
1235 2173 1236 2176 ‘
1539 2181 1554 2194 ”
1665 2163 1670 2182 ’

425 2331 467 2445 ς.
501 2325 610 2418 108.
649 2299 1089 2464 Omnibusfflnunc,
1122 2309 1387 2452 quae‘dicta
1426 2327 1640 2448 fuerunt,
1683 2343 1863 2418 attente

352 2483 618 2606 pensitatis,
650 2479 749 2574 ficri
779 2516 879 2575 non
908 2505 1083 2609 potest,
1113 2486 1234 2608 quin
1257 2475 1386 2575 nervi
1414 2458 1741 2610 sympatbetici
1769 2509 1863 2602 prae
1960 2593 1963 2602 Ι

350 2639 513 2730 ceteris
537 2639 590 2729 in
619 2639 884 2766 organismo
918 2639 1117 2731 animali
1150 2639 1385 2732 elucescat
1407 2669 1594 2730 summa
1628 2631 1862 2728 nobilitas

391 2791 634 2920 ¹Systema
666 2825 940 2902 nervosum,
969 2795 1099 2918 quod
1133 2795 1186 2888 in
1218 2791 1385 2886 infima
1419 2793 1547 2884 adest
1576 2765 1862 2883 animalium

351 2945 502 3058 scala3
543 2950 700 3072 quod,
742 2951 925 3078 organis
961 2951 1286 3046 nutrientibus
1323 2949 1601 3078 proprium,
1636 2943 1861 3073 peculiari

352 3135 551 3197 munere
582 3105 820 3233 fungitur3
857 3108 1011 3230 quod,
1046 3129 1305 3231 antequam
1340 3107 1584 3199 cerebrum
1616 3122 1860 3231 appareat,

352 3281 572 3354 centrum
611 3262 860 3356 constituit
900 3295 1183 3372 nervosum;
1233 3265 1389 3386 quod,
1437 3263 1520 3354 ubi
1556 3283 1754 3390 systema
1794 3291 1862 3350 ce-
1983 3375 1987 3382 ἢ

351 3415 531 3508 rebrale
572 3418 624 3508 in
664 3413 952 3516 animalibus
985 3419 1174 3534 existit,
1221 3419 1374 3510 eidem
1416 3449 1511 3510 sese
1555 3413 1772 3542 adjungit
1814 3435 1862 3506 et

350 3571 631 3695 copulatum
676 3592 766 3686 est,
812 3575 1095 3697 neutiquam
1144 3607 1251 3666 vero
1294 3571 1558 3666 conflatum
1602 3571 1653 3662 in
1701 3547 1860 3662 unum

250 3852 254 3864 Ι
354 3725 707 3850 indivisumque
732 3751 1035 3854 apparatum,
1063 3750 1110 3822 et
1133 3731 1264 3854 quod
1289 3752 1408 3823 tunc
1437 3729 1581 3820 etiam
1608 3726 1859 3853 pristinam

352 3917 487 3976 suam
515 3883 716 3974 formam
737 3905 881 4006 atque
909 3879 1132 3978 habitum
1162 3886 1357 3979 retinet:
1385 3884 1477 3978 talc
1498 3905 1694 4013 systema
1717 3881 1860 3974 maxi·
1935 3855 1937 3862 ᾗ

353 4071 430 4131 ma
462 4038 689 4166 dignitate
721 4039 972 4166 preditum
1007 4073 1122 4158 esse,
1158 4075 1241 4168 per
1270 4075 1316 4136 se
1344 4063 1487 4168 petet
1777 4045 1783 4058 '
1836 4041 1865 4062 ⁹

423 4199 464 4314 §.
500 4225 611 4318 ¹09·
654 4195 723 4286 Ex
752 4193 895 4288 altera
922 4179 1080 4323 parte,
1117 4199 1178 4290 'ab
1212 4196 1552 4322 antiquissimis
1581 4215 1704 4288 retro
1742 4213 1858 4288 tem-

350 4350 547 4481 poribus
579 4371 850 4442 statuerunt
886 4353 1081 4469 medici,
1122 4375 1302 4447 naturae
1340 4350 1614 4481 sagacissimi
1653 4351 1859 4444 observa-

352 4525 495 4618 tores,
524 4505 652 4627 quod
680 4504 731 4597 in
770 4506 865 4642 ima
889 4497 1125 4637 epigastrii
1158 4512 1263 4604 sede
1289 4541 1373 4604 ens
1402 4507 1685 4600 collocatum
1721 4507 1782 4600 sit
1808 4529 1857 4600 et

351 4659 666 4786 principium,
700 4663 830 4783 quod
866 4665 1175 4762 immateriale
1203 4669 1292 4760 sibi
1325 4663 1590 4793 fingebant,
1625 4669 1734 4754 et'a'
1757 4675 1855 4785 quo

353 4846 542 4907 causam
575 4797 867 4942 repetiebant
901 4821 1349 4947 pbaenomenorum,
1383 4844 1490 4912 tum
1526 4821 1578 4912 in
1608 4840 1735 4912 statu
1761 4852 1857 4914 cor-

350 4972 477 5096 poris
499 4993 638 5086 sano,
662 4995 770 5066 tum
790 4977 933 5070 etiam
952 4981 1187 5093 morboso,
1207 4978 1630 5107 percipiendorum.
1655 4977 1855 5070 Factum

345 5126 518 5219 exinde
537 5149 626 5244 est,
654 5153 711 5223 ut
735 5131 785 5225 in
808 5133 977 5226 sclaolis
1000 5131 1381 5264 physiologorum
1411 5135 1469 5242 de
1492 5151 1651 5224 centro
1675 5133 1855 5264 epigas·

328 5282 471 5404 ,traco
481 5351 495 5398 ,
523 5284 581 5378 de
607 5287 658 5378 vi
680 5305 825 5425 utque
846 5292 1062 5420 potentia
1090 5292 1216 5422 septi
1239 5289 1515 5402 transversi,
1533 5283 1726 5419 pylori,
1748 5313 1866 5406 etc,—
