5076 6816
1073 686 1161 801 ro'r

362 931 509 1022 etiam
546 927 662 1051 quia
702 923 881 1020 arteriis
920 922 1103 1020 dicatus
1137 945 1206 1018 est
1246 921 1526 1052 sanguinem
1576 905 1902 1022 nutrientem

362 1084 655 1177 vehentibus.

431 1241 679 1358 Ponamus
704 1237 864 1352 enim,
897 1239 994 1331 vim
1027 1270 1245 1332 nerveam
1272 1238 1323 1330 in
1353 1236 1567 1365 plexibus
1595 1238 1910 1366 abdomina-,g

364 1394 492 1491 libus
518 1429 610 1489 esse
632 1396 1015 1523 pessumdatam:
1039 1393 1268 1522 languent
1296 1401 1439 1487 tonus
1462 1395 1741 1516 ventriculi,
1763 1369 1872 1487 con·¹

362 1552 516 1645 coctio
546 1552 785 1665 ciborum,
816 1551 1006 1679 digestio
1031 1550 1336 1665 intestinalis,
1361 1549 1542 1678 hepatis
1565 1572 1711 1674 atque
1735 1549 1870 1642 lienis
1906 1649 1910 1656 ,

364 1707 644 1801 functiones.
674 1707 776 1798 Hoc
797 1740 950 1800 revera
971 1707 1034 1800 ita
1062 1702 1160 1797 fieri
1190 1687 1444 1799 innumere
1467 1707 1638 1798 docent
1659 1701 1869 1831 exempla
1909 1683 1913 1692 ⁸
1947 1829 1954 1840 ¹

363 1863 515 1954 animi
544 1865 899 1990 pathematum,
927 1892 1055 1986 quae,
1093 1863 1145 1954 in
1174 1833 1368 1988 plexum
1397 1861 1594 1956 solarem
1628 1893 1869 1978 conversa,
1912 1838 1916 1852 ¹

364 2039 523 2112 totum
553 2019 823 2148 digestionis
848 2020 1091 2146 negotium
1120 2019 1287 2111 ¹subito
1319 2018 1589 2112 turbarunt.

437 2179 495 2269 ln
524 2175 844 2304 longinquum
869 2176 1012 2267 etiam
1041 2196 1285 2302 operatur,
1312 2175 1437 2268 acin
1465 2175 1644 2268 dissitas
1666 2177 1871 2304 regiones

363 2331 461 2424 vim
483 2353 659 2426 exercet
680 2332 800 2424 actio
825 2365 1077 2425 nervorum
1102 2329 1482 2426 abdominalium
1505 2331 1724 2424 anomala
1742 2370 1753 2424 ε
1771 2364 1869 2456 quo
1916 2443 1927 2458 ,.

362 2486 485 2581 clare
511 2488 883 2601 demonstratur,
909 2485 1258 2580 assimilationis
1275 2509 1419 2610 atque
1442 2487 1720 2580 nutritionis
1739 2488 1870 2579 sunc-

362 2643 514 2736 tiones
532 2645 684 2736 eidem
703 2676 794 2736 esse
815 2643 1056 2770 subjectas.
1073 2643 1256 2739 'Amicis
1277 2641 1587 2736 familiaribus
1607 2644 1870 2736 adnumero

360 2798 542 2914 virum,
570 2800 679 2923 qui,
709 2801 1001 2929 trigesimum
1032 2800 1297 2896 secundum
1323 2799 1469 2892 aetatis
1496 2831 1683 2898 annum
1712 2832 1870 2928 agens,
1927 2778 1932 2898 ἶ

268 2990 273 3002 ·
359 2955 520 3050 subito
547 2978 720 3051 terrore
744 2989 1009 3084 percussus,
1035 2989 1180 3081 quem
1210 2956 1488 3049 incendium
1518 2956 1668 3050 movit
1700 2957 1871 3050 domus

361 3143 489 3226 suae,
545 3113 695 3208 crines
747 3145 985 3208 canescere
1025 3113 1145 3206 vidit
1198 3113 1324 3210 intra
1372 3145 1636 3239 paucorum
1682 3101 1885 3206 dierum

356 3268 582 3396 spatium.
619 3270 792 3369 Nonne
823 3272 874 3366 in
901 3271 988 3369 isto
1018 3301 1125 3364 casu
1144 3269 1296 3364 animi
1323 3269 1499 3396 passio,
1519 3301 1623 3392 quae
1644 3268 1868 3385 unanimi

359 3423 742 3552 physiologorum
770 3457 1000 3526 consensu
1021 3443 1195 3518 ‘nervos
1222 3424 1491 3518 abdominis
1526 3423 1865 3546 infestat,rim

358 3603 504 3703 atque
530 3579 797 3674 functiones
820 3560 1079 3675 eorundem
1106 3580 1350 3678 turbavit?
1369 3601 1416 3676 et
1441 3611 1604 3676 noune
1626 3579 1723 3672 haec
1741 3578 1864 3674 actio

360 3736 551 3834 turbata
589 3735 904 3838 nutritionem
941 3736 1155 3836 alteravit
1186 3735 1505 3862 capillorum?

431 3891 521 3986 Sed
563 3891 661 4018 jam
707 3893 790 3986 diu
836 3885 1156 3986 assumserunt
1207 3892 1465 4022 physiologi
1514 3883 1766 3986 nervorum
1812 3894 1864 3986 in

360 4047 562 4144 minima
591 4047 798 4164 vascula,
828 4082 976 4173 eaque
1008 4037 1295 4163 nutrientia,
1326 4055 1581 4142 summum
1597 4045 1864 4176 imperium.
1937 4019 1946 4174 ἰ

359 4205 461 4302 Hoc
501 4205 538 4298 si
570 4225 766 4305 auctum
804 4206 978 4319 suerit,
1018 4227 1191 4306 eorum¹
1231 4204 1467 4298 actionem
1507 4226 1643 4333 auget
1658 4242 1670 4314 3
1717 4204 1754 4297 si
1787 4189 1865 4298 ab·
1941 4299 1947 4308 ,

359 4392 525 4459 norme
552 4361 716 4476 luerit,
749 4361 1023 4472 labefactam
1060 4365 1097 4454 si
1131 4362 1333 4458 omnino
1366 4360 1606 4476 defecerit,
1637 4357 1864 4456 suffocat:
1944 4479 1948 4490 ι
2000 4419 2003 4424 -

358 4548 456 4640 quo
485 4515 560 4632 fit,
585 4540 642 4614 ut
668 4520 883 4635 muneri,
909 4521 988 4612 cui
1015 4519 1233 4622 famulari
1259 4541 1503 4634 tenentur,
1534 4548 1634 4609 non
1666 4517 1863 4612 ulterius
1937 4541 1946 4628 ζ

356 4674 557 4799 praesint.
586 4675 759 4778 Nonne
783 4676 1062 4803 indepatet,
1088 4708 1233 4800 quare
1259 4657 1373 4769 laesis
1401 4675 1551 4768 nervis
1573 4696 1731 4802 pereat
1746 4707 1863 4802 saepe
1942 4651 1945 4658 ⁴

357 4829 596 4925 nutritio?
637 4829 834 4959 Optime
874 4832 965 4925 hoc
1008 4835 1215 4961 probant
1253 4831 1571 4959 experimenta
1613 4865 1639 4923 a
1675 4831 1863 4963 Dupuy
1947 4951 1951 4961 .

357 4984 410 5085 in
450 4987 583 5108 equis
625 4989 867 5104 instituta,
909 4992 1085 5114 quibus
1121 4988 1303 5118 ganglia
1346 4987 1583 5082 cervicalia
1624 4989 1860 5114 superiora
1975 4979 1979 4988 Δ

215 5159 222 5176 ’
356 5141 605 5265 utriusque
623 5143 778 5240 lateris
798 5146 943 5239 excisa
961 5148 1161 5241 fuerant.
1190 5145 1522 5269 Sequebantur
1540 5144 1862 5271 operationem

354 5297 548 5444 pupillae
591 5305 869 5420 coarctatio,
913 5305 1224 5432 conjunctivae
1262 5303 1408 5404 rubor
1456 5299 1792 5436 (phaenomena
1833 5335 1861 5402 a
