5076 6816
1087 673 1211 785 ¹43-

379 881 515 1008 cujus
527 882 674 976 lomes
693 882 744 976 in
763 882 945 1010 organis
964 881 1349 976 abdominalibus
1368 879 1504 997 latet,
1527 881 1575 975 id
1596 883 1655 975 ad
1673 882 1889 977 irritatio-

381 1069 515 1152 nem,
534 1038 901 1153 vellicationem,
921 1038 1060 1132 verbo
1082 1039 1142 1131 ad
1161 1037 1290 1131 nervi
1312 1036 1584 1165 pathemata
1601 1035 1759 1130 infimi
1778 1071 1888 1132 ven·

377 1194 461 1286 tris
479 1194 633 1287 referri
648 1195 805 1306 debet,
821 1195 1128 1318 tanquam-ad
1141 1226 1329 1286 causam
1344 1193 1598 1320 apoplexiae
1611 1195 1885 1322 genuinam.

449 1351 569 1475 Ergo
600 1349 653 1440 in
687 1349 895 1442 febribus
927 1348 1357 1442 intermittentibus
1383 1346 1701 1474 apoplecticis,
1740 1349 1886 1441 lomes

375 1503 532 1596 morbi
556 1504 608 1597 in
631 1505 886 1597 abdomine
907 1504 1191 1630 plerumque
1208 1525 1280 1596 est
1297 1505 1596 1608 constitutus.
1624 1505 1734 1598 Non
1761 1537 1886 1630 repe·

376 1657 526 1784 rimus
549 1661 845 1753 mentionem
872 1661 930 1752 de
957 1659 1117 1784 aliqua
1140 1659 1438 1753 memorabili
1466 1658 1642 1752 cerebri
1665 1659 1792 1774 labe,
1829 1681 1886 1753 ut

375 1813 661 1940 idiopathica
692 1815 825 1909 istius
854 1816 1009 1909 morbi
1036 1815 1215 1909 causa.¹

345 2081 349 2098 Ι
445 1969 552 2062 Pari
584 1972 728 2064 modo
758 1971 1040 2098 experientia
1074 1969 1438 2096 comprobatum
1469 1990 1558 2083 est,
1587 1968 1881 2096 principium

373 2121 674 2218 arthriticum
698 2127 761 2246 (l.
784 2125 930 2244 121),
953 2127 1047 2219 sive
1063 2148 1303 2221 retentum
1319 2125 1380 2218 sit
1396 2126 1446 2218 in
1466 2125 1617 2218 nervis
1632 2127 1881 2240 viscerum,

374 2309 461 2370 nec
494 2281 555 2373 ad
588 2281 810 2374 articulos
843 2282 1114 2396 detrusum,
1146 2281 1241 2373 sive
1274 2281 1336 2373 ab
1372 2279 1447 2372 bis
1481 2281 1542 2372 ad
1573 2278 1652 2371 illa
1692 2281 1882 2384 incaute

373 2434 615 2562 repulsum
639 2435 932 2564 apoplexiam
959 2436 1233 2564 produxerit
1263 2434 1563 2549 cerebralem‚
1594 2435 1654 2528 ad
1675 2465 1883 2566 spasmo-

371 2583 528 2680 dicam
550 2592 800 2718 apoplexia
817 2593 1017 2718 speciem
1038 2590 1142 2718 jure
1165 2593 1431 2713 meritoque
1455 2623 1546 2682 esse
1567 2590 1879 2704 referendam,

371 2745 550 2872 quippe
573 2749 723 2871 quod,
741 2748 1146 2844 consentientibus
1171 2747 1424 2839 anatomiae
1447 2744 1724 2861 cultoribus,
1748 2777 1881 2872 saepe-

372 2932 573 3016 numero
610 2903 744 2996 nulla
768 2937 904 2998 causa
934 2902 1187 2998 materialis
1207 2924 1315 3031 post
1337 2923 1540 2998 mortem
1568 2902 1798 3031 reperitur
1825 2903 1877 2996 in

368 3058 629 3186 encephelo
660 3093 816 3185 neque
844 3064 896 3154 in
926 3063 1088 3156 nervis,

440 3212 547 3308 Alia
566 3217 731 3309 mortis
748 3218 1004 3312 subitaneae
1024 3215 1254 3345 exempla,
1274 3216 1335 3310 ab
1355 3214 1504 3309 animi
1524 3212 1876 3342 pathematibus

370 3389 496 3486 orta,
523 3404 549 3463 e
570 3373 741 3499 gaudio
758 3374 954 3487 scilicet,
983 3409 1008 3466 e
1029 3375 1199 3466 timore
1223 3394 1270 3465 et
1294 3392 1451 3486 metu,
1471 3405 1525 3464 ex
1544 3371 1635 3484 ira,
1656 3391 1874 3463 centrum

370 3557 621 3622 nervosum
660 3529 962 3622 abdominale
1001 3530 1218 3630 infestare
1258 3528 1512 3643 videntur,
1556 3547 1604 3618 et
1637 3526 1875 3619 mediante

369 3678 576 3812 q'asdem
596 3680 827 3816 paralysi
850 3685 943 3778 sive
973 3679 1232 3816 apoplexia
1263 3685 1329 3804 (l,
1359 3683 1480 3802 123)
1505 3713 1666 3774 necem
1695 3678 1873 3796 afferre,

370 3840 656 3962 neutiquam
680 3873 764 3967 per
790 3838 1097 3975 apoplexiam
1121 3875 1202 3935 seu
1224 3836 1484 3970 paralysin
1504 3831 1800 3931 cerebralem.

439 4000 480 4115 ς.
515 4004 625 4123 ¹37·
654 3997 711 4088 ln
731 3999 908 4091 morbis
930 3996 1177 4121 hucusque
1197 3997 1467 4125 designatis,
1489 3999 1686 4123 systema
1716 4023 1875 4084 nervo.-

366 4183 474 4244 sum
509 4152 814 4246 abdominale
837 4175 1029 4246 tantum
1061 4155 1113 4246 in
1139 4185 1223 4246 sua
1252 4151 1474 4244 affecmm
1500 4171 1568 4243 est
1596 4147 1663 4263 vi,
1688 4147 1870 4276 energia

286 4395 290 4400 .
368 4326 510 4430 atque
527 4309 737 4434 potentia
753 4347 765 4417 ;
784 4331 932 4403 status
950 4309 1158 4436 ejusdem
1175 4307 1328 4404 vitalis
1343 4327 1610 4420 auctusest,
1626 4303 1697 4398 vel
1718 4302 1873 4395 immi·

368 4483 537 4577 nutus,
554 4463 667 4556 vela
686 4463 824 4558 solito
841 4467 988 4596 gradu
1004 4467 1199 4581 recedit,
1213 4488 1260 4560 et
1277 4464 1411 4556 nulla
1428 4462 1633 4556 mutatio
1655 4460 1870 4588 organica

364 4649 591 4714 sensuum
609 4653 699 4748 ope
718 4621 769 4714 in
788 4623 897 4750 ipsis
913 4624 1062 4752 detegi
1080 4645 1245 4750 potest
1264 4623 1489 4714 Attamen
1508 4619 1608 4712 baec.
1616 4635 1869 4710 nervorum

368 4773 688 4902 intemperies,
710 4800 854 4872 tonus
869 4780 1132 4893 morbosus,
1152 4773 1659 4890 siveataaia²,'sensim
1679 4772 1870 4867 sensim-

415 4982 424 5012 '
453 4981 650 5068 Werlquff‚
676 4985 759 5048 Obs.
781 4987 824 5048 de
843 4986 946 5071 febre,
964 5006 999 5070 p.
1017 5004 1071 5049 ar.
1099 4980 1276 5057 Medicus,
1297 4981 1485 5047 Beobaclrt.
1507 4979 1548 5056 I,
1565 5003 1603 5064 p·
1621 4984 1698 5062 ³79·

413 5097 426 5128 '
448 5095 589 5172 Arsinoe
602 5097 680 5162 lieri
696 5099 876 5186 dicuntur,
897 5121 977 5183 quar
995 5093 1071 5174 riae
1089 5095 1213 5164 ardiae
1230 5106 1265 5161 et
1282 5088 1526 5181 incomposite,
1548 5117 1592 5159 ac
1609 5114 1699 5183 vago
1715 5085 1867 5176 q'uodat‘u

366 5212 470 5276 modo
494 5210 712 5304 contingunt.
742 5215 790 5278 A.
805 5211 916 5279 Foesii
934 5216 1141 5279 OEconomia
1161 5209 1404 5298 Hippocratis.
1438 5212 1530 5277 Hinc
1548 5204 1866 5294 awioeaerminm

361 5324 434 5402 jam
455 5327 517 5391 diu
539 5327 577 5392 in
597 5329 726 5413 scripta
749 5329 901 5415 medica,
921 5329 1024 5393 etiam
1045 5328 1297 5415 recentissima,
1316 5326 1459 5392 transiit.
