5076 6816
1082 720 1170 828 141

372 919 549 1012 morbis
582 921 801 1016 dentium
836 958 1131 1051 spasmorum
1171 926 1552 1022 abdominalium
1583 927 1876 1020 existentiam

255 1102 258 1106 ’
373 1074 601 1199 conjicere
627 1079 747 1171 mihi
778 1080 974 1174 licuerit.

443 1235 484 1348 §.
514 1239 625 1347 134.
657 1236 766 1329 Non
785 1235 940 1331 solum
964 1237 1023 1330 ad
1047 1259 1191 1330 certas
1211 1260 1355 1361 atque
1373 1239 1706 1331 determinatas
1724 1258 1877 1361 partes

373 1385 607 1480 actionem
633 1422 769 1484 suam
797 1395 1006 1486 extendit
1030 1416 1280 1519 apparatus
1306 1425 1522 1486 nervosus
1542 1385 1875 1504 abdominalis,

371 1575 536 1634 verum
558 1545 701 1636 etiam
721 1549 780 1638 ad
795 1546 997 1640 alterum
1018 1570 1215 1676 systema
1236 1580 1504 1662 nervosum,
1521 1550 1648 1671 quod
1674 1547 1733 1639 ab
1749 1577 1877 1638 ence-

371 1697 515 1822 phalo
537 1720 681 1821 atque
699 1701 1101 1828 medullaspinali
1124 1705 1377 1826 formatur,
1404 1707 1540 1816 aden,
1572 1725 1626 1795 ut
1654 1701 1786 1794 istius
1813 1716 1890 1792 to'

373 1885 517 1968 num,
539 1857 656 1969 vim,
681 1859 915 1984 energiam
933 1859 1074 1984 plane
1095 1883 1280 1953 mutare
1296 1883 1342 1952 et
1360 1861 1605 1986 saepissime
1619 1857 1878 1984 deprimere

371 2006 531 2128 valeat.
567 2010 841 2106 Nascuntur
865 2013 980 2105 hinc
1003 2015 1224 2108 lassitudo
1252 2037 1467 2129 artuum,
1491 2043 1716 2108 sensuum
1738 2013 1888 2103 exter-'

372 2193 547 2256 norum
580 2166 837 2282 hebetudo,
869 2192 916 2260 et
945 2167 1170 2264 asthent'ce
1195 2206 1299 2264 vere
1334 2166 1670 2263 consensuales.
1723 2168 1878 2260 Haeret

370 2317 650 2441 aliquand0,
676 2325 746 2414 uti
772 2323 869 2452 jam
891 2327 1083 2418 monuit
1114 2326 1173 2419 V
1165 2323 1448 2419 arz-Swieten
1465 2324 1490 2440 ¹,
1517 2327 1568 2416 in
1596 2322 1772 2416 morbis
1797 2320 1877 2412 ali-

370 2473 487 2595 quid
509 2476 628 2568 circa
647 2480 916 2602 praecordia,
941 2482 1070 2604 quod
1093 2505 1323 2576 venenata
1345 2481 1477 2605 quasi
1499 2481 1545 2573 vi
1572 2511 1735 2572 omnes
1760 2477 1876 2569 vires

372 2660 471 2744 uno
486 2653 731 2724 momento
747 2637 1018 2762 prosternit,
1037 2658 1102 2751 et,
1123 2638 1357 2760 quamdiu
1376 2637 1441 2728 ibi
1458 2635 1621 2748 haeret,
1636 2664 1875 2725 summam

371 2783 664 2880 debilitatem
704 2790 916 2903 inducit,
958 2793 1174 2914 quamvis
1215 2791 1350 2883 nulla
1390 2790 1570 2916 jactura
1614 2783 1876 2884 fluidorum

298 2935 302 2944 ’
370 2971 605 3068 praegressa
634 2943 796 3060 fuerit,
819 2978 974 3069 neque
997 2944 1095 3037 ulla
1115 2947 1318 3039 mutatio
1342 2942 1639 3038 observabilis
1659 2944 1710 3035 in
1739 2941 1878 3064 liqui·-

371 3093 442 3186 dis
481 3096 704 3218 solidisve.
756 3101 883 3193 Hinc
916 3102 1181 3198 mirabatur
1215 3095 1534 3230 Sydenlram²,
1580 3099 1632 3191 in
1668 3098 1877 3194 febribus

371 3251 613 3343 continuis
631 3253 916 3378 epidemicis,
942 3279 1105 3381 praeter
1129 3254 1219 3349 alia
1243 3275 1580 3384 symptomata,
1602 3253 1874 3376 anxietates,

370 3404 699 3530 jactitationes,
711 3411 908 3534 suspiria
925 3410 1158 3526 luctuosa,
1177 3413 1416 3538 ingentem
1433 3443 1486 3502 ac
1497 3410 1705 3506 subitam
1723 3411 1876 3502 adesse

371 3560 546 3653 virium
582 3565 968 3688 prostrationem,
1001 3566 1100 3659 solo
1138 3566 1335 3658 emetico
1375 3563 1733 3693 profligandam.
1774 3565 1874 3678 Sic,

372 3719 654 3841 experientia
685 3722 898 3836 edoctus,
916 3706 1192 3834 Ballonius?
1218 3723 1397 3848 optime
1424 3720 1605 3834 scribit,
1633 3721 1684 3812 in
1705 3747 1874 3848 magna

370 3871 667 3999 cacochymia
701 3907 801 3968 non
830 3878 896 3968 ita
924 3879 1227 3970 diffitendum
1256 3887 1347 3972 esse
1369 3876 1564 3990 viribus,
1600 3907 1753 3998 neque
1778 3876 1876 3966 ani-

371 4027 440 4118 mi
478 4026 750 4140 dclectioni;
785 4063 872 4125 nec
904 4035 1079 4126 virium
1112 4032 1386 4161 languorem
1418 4032 1655 4124 medicum
1687 4063 1875 4123 avocare

371 4181 538 4274 debere
563 4182 624 4275 ab
651 4189 1021 4281 evacuantibus:
1047 4198 1355 4314 praeceptum,
1386 4190 1535 4310 quod,
1567 4186 1875 4293 suadentibus

372 4339 570 4428 summis
605 4340 702 4432 istis
741 4344 1030 4459 auctoribus,
1065 4344 1235 4436 millies
1261 4343 1622 4469 comprobatum
1661 4342 1754 4433 fuit
1789 4375 1874 4466 pro

371 4490 520 4585 salute
540 4517 830 4621 aegrotorum.
859 4501 1025 4592 Fateor
1044 4501 1260 4622 quidem,
1282 4500 1591 4591 observatores
1609 4496 1735 4608 istos,
1756 4526 1876 4586 moro

258 4715 261 4724 ·
372 4645 456 4739 bos
486 4682 540 4770 ex
566 4651 662 4743 imo
685 4677 846 4747 ventre
871 4637 1118 4770 oriundos,
1144 4654 1428 4788 humoribus
1454 4652 1706 4777 corruptis,
1734 4650 1876 4775 pitui-

373 4804 501 4920 tosis,
531 4806 733 4924 biliosis,
766 4811 989 4928 saburra,
1027 4834 1135 4936 eto,
1181 4810 1477 4936 adscripsisse.
1528 4806 1874 4929 Qualecunque

421 5072 430 5100 ¹
455 5072 642 5137 comment.
661 5076 699 5140 in
715 5077 845 5142 Beer-h.
864 5081 1013 5166 Apbor„
1035 5088 1059 5144 t.
1074 5100 1115 5166 2,
1133 5101 1169 5165 p.
1190 5097 1274 5166 271,
1298 5096 1374 5160 272·

420 5185 432 5216 ¹
456 5186 617 5273 Oper.‚t.
643 5213 678 5275 r,
697 5213 732 5274 p.
748 5197 806 5256 32.
1143 5202 1145 5210 '

353 5327 357 5336 ·
419 5289 1282 5408 ³Oper.,tl,p.1,15³‚157;t.1V,p·1³0·
