5076 6816
1376 690 1475 789 156

663 907 746 1040 per
778 905 962 1037 aliquot
991 901 1142 1007 annos
1179 935 1435 1040 protracta,
1465 903 1630 1036 quam*
1649 912 1761 1004 dein
1794 933 1950 1004 secuta
1981 935 2049 1006 est
2079 948 2175 1008 ma-

663 1071 751 1162 cies
780 1094 828 1162 et
855 1071 1029 1162 virium
1058 1070 1331 1196 prostratio,
1364 1072 1515 1162 donec
1546 1070 1671 1176 novi¹
1692 1068 1937 1161 astlrmatis
1969 1071 2175 1164 insultus

661 1219 877 1353 aegrotam
900 1225 1107 1318 interdiu
1123 1248 1363 1348 noctuque
1382 1246 1666 1317 vexaverant.
1687 1224 1775 1315 Per
1795 1224 2027 1349 plurimos
2045 1259 2174 1318 men-

585 1417 587 1422 ’
659 1381 753 1495 scs,
790 1380 1067 1507 orthopnoca
1098 1371 1347 1508 perennis,
1383 1369 1546 1506 pulsus
1582 1387 1752 1505 parv'us
1769 1400 1835 1472 -et
1873 1413 2173 1510 summopere

651 1529 947 1665 irregularis,
988 1540 1123 1631 facies
1153 1537 1357 1665 pallida,
1394 1537 1581 1660 loquela
1620 1557 1811 1662 propter
1851 1535 2173 1632 suffocationis

661 1716 846 1786 metum
879 1695 1167 1822 interrupta,
1206 1696 1434 1787 ocdemata
1473 1693 1676 1819 pedum;
1715 1715 1873 1785 motus
1908 1694 2093 1787 obscuri
2125 1717 2171 1787 et
2284 1707 2289 1718 '

550 1839 555 1852 i
657 1841 927 1974 pulsatorii,
952 1852 1003 1942 in
1027 1875 1158 1977 parte
1182 1852 1383 1943 thoracis
1408 1851 1594 1941 sinistra
1615 1835 1758 1971 atque
1784 1881 2002 1975 suprema
2028 1850 2172 1978 perci-

660 2005 845 2131 piendi;
874 2007 1009 2099 dolor
1037 1997 1225 2098 humeri
1254 2005 1464 2131 ejusdem
1492 2005 1671 2115 lateris,
1699 2005 1923 2096 morbum
1953 2039 2171 2131 praenun-

585 2144 591 2158 i
645 2162 847 2288 'tiabant
872 2161 990 2254 circa
1008 2160 1259 2287 pulmones
1281 2183 1425 2282 atque
1443 2160 1692 2284 praecordia
1709 2160 2004 2290 organicum,
2025 2194 2169 2285 quem

660 2351 771 2408 mox
804 2318 855 2409 in
886 2316 1356 2444 hydropneumonia,
1394 2347 1502 2405 mox
1534 2295 1583 2405 in
1616 2313 1821 2404 infarctu
1851 2313 2168 2440 pulmonum,

642 2505 771 2602 ¹mox
796 2463 846 2564 in
866 2474 1016 2564 cordis
1039 2461 1122 2570 seu¹
1140 2459 1356 2572 vasorum
1376 2469 1612 2593 majorum
1637 2457 1751 2557 vitio
1775 2472 2057 2594 ponendum
2077 2507 2168 2565 esse

659 2623 894 2719 duximus.
931 2631 1000 2719 Ex
1020 2661 1108 2719 usu
1135 2625 1640 2752 antispasmodicorum
1667 2607 1829 2714 omnia
1859 2624 1942 2715 ista
1965 2652 2169 2753 sympto-

639 2777 788 2906 mata
827 2783 1144 2875 reddebantur
1170 2781 1353 2907 pejora;
1386 2779 1481 2871 sola
1501 2785 1640 2870 'venae
1670 2779 1810 2870 sectio
1841 2778 2052 2873 levamen
2091 2785 2168 2876 ad-

533 3029 536 3035 ,
659 2931 862 3032 ducebat
902 2961 1007 3065 post
1048 2971 1219 3068 paucas
1249 2937 1413 3030 saltem
1447 2935 1882 3042 horasevanidum.
1925 2936 2167 3033 Occubuit

660 3073 854 3220 tandem
885 3095 982 3187 ¹ista
1018 3094 1190 3192 mulier
1230 3095 1281 3187 in
1316 3094 1537 3190 instituto
1576 3114 1734 3185 nostro
1774 3092 1968 3211 clinico,
2018 3095 2165 3189 illaesis

660 3244 854 3376 quidem
884 3255 1057 3346 mentis
1088 3254 1427 3346 functionibus.

631 3533 634 3536 Ι
730 3410 905 3537 Aperto
928 3413 1168 3523 cadavere,
1189 3441 1357 3537 magna
1381 3409 1626 3534 seri-'copia
1646 3409 1866 3534 apparuit
1892 3410 1943 3501 in
1965 3408 2165 3503 thoracis

657 3557 853 3660 cavitate
885 3569 1068 3676 dextra;
1095 3566 1263 3693 pulmo
1297 3567 1441 3692 huj'us
1467 3566 1621 3657 lateris
1655 3566 1715 3657 ab
1741 3567 2046 3658 induratione
2070 3600 2166 3659 cor-

658 3746 816 3848 reptus
846 3745 943 3814 erat
974 3718 1481 3850 bronchi-pnrisormi;
1513 3721 1680 3847 pulmo
1710 3722 1894 3814 sinister
1917 3745 2016 3813 erat
2046 3756 2166 3814 mar·

590 3979 596 3996 ¹
656 3878 789 3971 cidus
799 3917 810 3988 ;
841 3879 1047 4007 hydrops
1073 3879 1233 3971 aderat
1250 3879 1494 4004 pericardii
1508 3917 1520 3986 ;
1547 3879 1697 3969 cordis
1719 3878 1934 3970 cavitates
1960 3877 2164 3972 dilatatae

552 4145 557 4152 .
656 4065 935 4162 aneurysma
967 4035 1320 4127 constituebant
1348 4034 1604 4160 passivum3
1635 4032 1931 4148 ventriculus,
1957 4037 2164 4128 anterior

653 4191 885 4326 praecipue
901 4193 1096 4317 parietes
1110 4192 1388 4284 ostendebat
1405 4214 1586 4303 tenues,
1598 4191 1674 4282 vix
1686 4189 1831 4282 lineas
1850 4191 1966 4283 duas
1983 4225 2161 4284 crassos.

654 4347 837 4440 Arteria
853 4325 1163 4474 pulmonalis,
1178 4348 1438 4440 admodum
1455 4348 1670 4461 dilatata,
1688 4348 1973 4440 diametrum
1991 4348 2163 4442 habuit

652 4501 836 4631 pollicis
872 4504 1017 4595 unius
1047 4537 1162 4599 cum
1195 4505 1331 4596 lineis
1366 4537 1563 4622 novem3
1595 4501 1829 4595 orificium
1861 4503 2069 4628 ejusdem
2101 4507 2161 4598 ad
2259 4593 2272 4607 ,

651 4659 873 4788 pollicem
892 4692 1048 4753 unum
1069 4682 1168 4752 erat
1186 4659 1352 4752 latum.
1383 4661 1626 4754 Diameter
1645 4656 1809 4751 orificii
1828 4683 1967 4752 aortae
1985 4661 2044 4753 ad
2065 4695 2163 4788 sep

654 4836 752 4909 tem
778 4816 1039 4909 minimum
1060 4815 1206 4908 lineas
1230 4817 1498 4924 accedebat;
1517 4817 1594 4908 sed
1624 4817 1710 4908 ista
1729 4817 1895 4908 arteria
1917 4817 2077 4908 statim
2098 4819 2159 4910 ab

654 4975 830 5104 origine
854 4975 905 5065 in
931 4995 1114 5067 vastum
1147 4972 1435 5066 dilatabatur
1454 5005 1662 5087 saccum,
1695 4973 1900 5065 duorum
1928 4970 2159 5098 pollicum

653 5165 765 5223 cum
787 5152 963 5256 septem
988 5127 1124 5220 lineis
1141 5128 1370 5220 diametri.
1400 5115 1623 5255 Ejusdem
1640 5131 1817 5222 arteriae
1833 5129 1996 5220 tunica
2015 5130 2161 5221 adsci-

653 5287 777 5400 titia,
799 5318 903 5410 quae
921 5319 947 5378 a
968 5283 1210 5377 retroilexo
1231 5285 1462 5378 formatur
1477 5283 1753 5416 pericardio,
1776 5306 1874 5376 erat
1889 5285 2158 5402 incrassata,
