5076 6816
1038 721 1129 808 131·

329 944 573 1062 materiem
599 939 774 1067 gignit,
807 933 955 1028 textui
986 933 1183 1026 istarum
1216 932 1366 1024 cordis
1399 935 1610 1058 partium
1637 935 1839 1028 affinem.

330 1099 573 1194 Omnibus
601 1092 851 1187 anatomiae
893 1083 1197 1217 pathologicae
1230 1083 1499 1181 ¹cultoribus
1532 1113 1705 1186 notum
1747 1115 1840 1207 est,

331 1257 494 1370 telam,
517 1287 544 1346 e
571 1285 667 1377 qua
696 1249 873 1342 arteriae
900 1268 1284 1388 componuntur,
1311 1242 1533 1340 fibrosam
1565 1231 1786 1341 facillime
1813 1284 1838 1341 a

331 1411 593 1540 phosphatc
623 1408 826 1500 calcareo
857 1404 1104 1531 penetrari.

405 1566 549 1683 Quod
577 1565 637 1656 ad
667 1561 991 1676 sternocardiae
1019 1590 1208 1651 causam
1247 1579 1477 1650 remotam
1514 1562 1706 1672 attinet,
1737 1591 1841 1652 eam

333 1756 433 1816 non
456 1752 638 1847 semper
661 1719 712 1809 in
736 1715 972 1844 principio
999 1714 1244 1807 arthritico
1271 1715 1474 1838 positam
1500 1747 1591 1807 esse
1619 1717 1841 1826 arbitron

333 1902 380 1972 et
410 1867 684 1970 n'escio'cur
715 1903 958 2000 negemus,
981 1892 1146 1996 praeter
1176 1871 1327 1982 istud,
1357 1870 1470 1962 alias
1493 1903 1584 1963 esse
1607 1875 1847 1998 potentias

229 2029 231 2034 ’
334 2035 540 2148 nocivas,
556 2023 665 2156 'quae
686 2026 909 2121 facultate
927 2005 1112 2152 pollent
1138 2057 1302 2117 nervos
1326 2027 1559 2118 cardiacos
1581 2028 1844 2122 vellicandi.

333 2191 506 2285 Asserit
527 2190 719 2312 insuper
737 2173 1064 2275 celeberrimus
1086 2167 1411 2294 Wz'clrrnarrn',
1427 2183 1564 2274 nulla
1584 2185 1845 2278 arthritidis

334 2335 652 2476 symptomata
685 2374 732 2434 se
764 2339 1016 2466 percepisse
1047 2331 1102 2427 in¹
1136 2337 1319 2429 casibus
1356 2368 1474 2459 quos
1504 2339 1760 2433 observavit
1787 2343 1849 2434 de

336 2502 509 2628 angina
542 2498 752 2626 pectoris.
1884 2603 1887 2612 Α

407 2661 447 2776 ς.
484 2686 597 2780 119.
630 2651 856 2746 Praedicto
890 2649 1058 2744 morbo
1095 2627 1227 2740 aliud
1260 2648 1565 2776 adjungimus
1601 2652 1849 2746 asthmatis

334 2845 508 2942 genus,
558 2808 687 2933 quod
729 2827 971 2898 nocturno
1015 2824 1227 2929 tempore
1271 2824 1465 2896 tantum
1513 2805 1734 2901 homines
1779 2811 1852 2902 in·
1928 2841 1953 2900 ,·

336 2971 490 3083 vadit,
518 2953 575 3063 et=
599 2951 682 3059 cui
715 2957 876 3056 incubi
906 2995 988 3055 seu
1021 2957 1242 3092 eplzz'altis
1279 2963 1517 3057 tributum
1557 2987 1625 3059 est
1655 2999 1847 3062 nomen.

338 3113 589 3219 Pressionis
624 3123 755 3214 enim
791 3151 954 3212 sensus
985 3121 1037 3211 in
1071 3121 1359 3245 praecordiis,
1396 3127 1507 3214 cum
1545 3124 1851 3250 respiratione·

337 3279 486 3392 brevi,
522 3276 777 3389 laboriosa,
807 3275 1055 3401 suspiriosa
1080 3297 1127 3367 et
1150 3273 1433 3390 suffocante,
1463 3279 1581 3369 dum
1607 3279 1849 3397 homines,

340 3439 475 3528 dorso
497 3433 850 3546 incumbentes,
878 3432 1042 3524 declivi
1063 3433 1214 3557 capite
1239 3465 1465 3525 somnum
1489 3436 1706 3559 capiunt;
1726 3439 1852 3530 vocis

341 3615 387 3685 et
426 3591 623 3714 loquelae
661 3590 965 3716 intercepti03
1008 3587 1405 3680 hallucinationes
1442 3623 1669 3682 sensuum
1705 3617 1851 3718 atque
1909 3699 1912 3704 ,

342 3748 537 3862 mentis,
559 3745 737 3870 quibus
757 3746 1056 3871 potissimum
1086 3744 1299 3837 obnoxiae
1323 3767 1439 3837 sunt
1467 3746 1675 3858 leminae3
1706 3749 1854 3842 insul-

341 3925 419 3995 tus
452 3903 579 3995 brevi
609 3889 819 4026 tempore
850 3923 1074 3993 cessantes
1104 3922 1152 3992 et
1179 3934 1296 4027 saepe
1328 3903 1594 4011 redeuntem
1628 3925 1853 3999 tremores

342 4059 512 4172 cordis,
546 4080 763 4170 terrores,
802 4057 1019 4164 sudores;
1060 4055 1356 4150 lassitudines
1394 4058 1624 4186 ingentes,
1661 4086 1854 4188 peracto

342 4246 643 4342 paroxysm03
680 4211 876 4303 maculae
905 4211 1147 4304 sublividae
1173 4212 1290 4304 binc
1327 4215 1438 4306 inde
1470 4214 1523 4304 in·
1551 4249 1742 4344 corpore
1770 4220 1855 4312 ali·

344 4372 538 4494 quando
571 4367 857 4495 conspicuae,
896 4390 1005 4483 etc,
1048 4353 1348 4462 affectionem
1385 4371 1602 4478 indicant
1638 4371 1852 4503 dynami-

344 4559 447 4617 cam
476 4525 639 4651 plexus
667 4523 850 4638 solaris,
879 4523 968 4646 qui
994 4524 1123 4615 nervi
1153 4524 1254 4653 vagi
1283 4559 1370 4652 ope
1398 4525 1742 4624 molestissimas
1766 4536 1853 4626 im-

343 4682 600 4808 pressiones
631 4681 690 4772 ad
721 4678 963 4771 cerebrum
1001 4679 1226 4795 traducit,
1263 4683 1346 4805 qui
1380 4715 1464 4807 per
1490 4683 1693 4808 reliquas
1722 4722 1858 4782 anas-

343 4860 543 4930 tomoses
573 4869 684 4928 cum
712 4835 938 4929 omnibus
966 4836 1061 4926 fere
1087 4836 1240 4928 neruis
1267 4838 1468 4964 ingratas
1489 4843 1773 4938 sensationes
1798 4833 1852 4938 in
1890 4903 1895 4912 ·

344 4995 542 5146 anubus
566 4992 810 5120 producit,
842 5013 889 5083 et
915 4992 1123 5114 den-ique
1153 5024 1238 5117 per
1268 4993 1545 5154 innumeras
1574 5004 1854 5130 propagines

392 5365 402 5393 ¹
425 5360 534 5426 Ideen
555 5381 625 5424 zur·
644 5337 874 5450 Diagnorti05
898 5365 955 5422 ate
968 5354 1140 5448 Arcslage,
1166 5366 1244 5422 ater
1262 5361 1386 5438 Band,
1401 5385 1440 5446 p.
1465 5368 1540 5461 ¹5³·
