5080 6812
1086 702 1147 802 ’13

358 909 607 1044 perficiali;
637 908 703 1010 3.*
719 916 771 1010 in
790 935 923 1044 parte
939 949 1023 1013 sua
1045 917 1280 1034 exteriori,
1306 951 1333 1014 a
1358 909 1501 1015 ramis
1521 935 1549 1016 e
1573 909 1868 1054 trunco'ipso
1977 959 1980 964 ·

358 1075 488 1165 nervi
516 1074 616 1202 vagi
648 1073 835 1168 emissis.
1851 1087 1855 1098 '

427 1228 611 1322 Exinde
639 1229 877 1355 sequitur,
904 1231 1033 1355 quod
1058 1230 1187 1324 nervi
1220 1232 1418 1325 cardiaci
1448 1233 1691 1328 interiores
1717 1255 1766 1328 et
1786 1259 1870 1336 am

356 1383 545 1478 teriorcs
581 1387 641 1478 ad
676 1417 877 1480 nervum
915 1388 1184 1482 cardiacum
1216 1385 1559 1516 superficialem
1594 1391 1739 1520 magis
1766 1425 1867 1521 pera

355 1539 565 1649 tineaut;
601 1541 766 1656 medii,
795 1543 939 1672 magis
966 1545 1026 1636 ad
1054 1543 1276 1673 gangliou
1305 1544 1525 1638 cervicale
1553 1542 1783 1639 ultimum
1817 1567 1866 1642 et

354 1694 646 1790 thoracicum
674 1697 912 1824 primum;
944 1701 1188 1794 exteriores
1218 1721 1363 1823 atque
1395 1701 1690 1826 posteriores,
1717 1702 1864 1830 magis

352 1851 412 1942 ad
452 1879 540 1978 par
575 1886 768 1982 vagum,
811 1855 1027 1979 quamvis
1063 1853 1226 1948 nullus
1263 1855 1385 1948 adsit
1408 1847 1678 1948 'nervorum
1710 1856 1863 1952 cordis

353 2005 567 2100 ramulus
590 2008 652 2102 ab
681 2007 965 2103 iutercostali
993 2043 1112 2136 pure
1144 2032 1193 2103 et
1220 2008 1497 2135 simpliciter
1529 2011 1780 2126 deductus,
1814 2019 1864 2108 et
1990 2117 1996 2131 ,

350 2161 413 2254 ab
442 2164 578 2256 omui
607 2165 838 2258 mixtione
865 2198 977 2258 cum
1009 2167 1111 2292 pari
1138 2198 1250 2295 vago
1280 2165 1523 2258 immunis.

421 2321 462 2437 δ.
492 2316 565 2410 18.
603 2321 643 2412 E
666 2320 830 2414 nervisv
845 2319 1009 2448 plexus
1030 2319 1227 2414 cardiaci
1257 2320 1424 2412 mediis
1448 2320 1546 2413 duo
1573 2351 1668 2447 pac
1690 2324 1861 2416 caeteris

349 2472 567 2566 eminent
586 2475 729 2591 rami,
758 2508 967 2599 quorum
992 2477 1098 2568 lons
1119 2475 1383 2603 praecipuus
1410 2475 1463 2566 in
1485 2474 1680 2603 gangliis
1703 2476 1861 2572 existit

348 2625 561 2764 cervicali
595 2626 765 2723 infimo
802 2652 850 2723 et
883 2630 1120 2725 thoracico
1158 2632 1339 2757 primo,
1382 2629 1625 2724 adscititiis
1662 2632 1860 2756 quidem

349 2783 545 2877 ramulis
578 2817 605 2878 c
638 2781 850 2879 cardiaco
879 2784 1161 2914 superficiali
1193 2807 1242 2880 et
1278 2805 1556 2880 recurrente
1608 2785 1670 2880 Hi
1713 2788 1858 2902 rami,

348 2968 468 3060 quos
493 2972 659 3037 narras
691 2937 848 3036 cordis
865 2938 1135 3074 profundas
1159 2974 1439 3068 nuncupare
1469 2941 1535 3036 fas
1559 2941 1669 3058 crit,
1700 2973 1859 3038 unum

341 3092 686 3227 principalem,
712 3097 916 3192 alterum
943 3094 1290 3209 collateralem,
1319 3095 1542 3190 altissime
1564 3098 1860 3194 descendunt

348 3249 475 3343 inter
510 3252 749 3347 trachcam
787 3275 932 3378 atque
977 3277 1193 3363 aortam;
1235 3254 1463 3382 profundi
1506 3273 1762 3380 properant
1797 3255 1859 3348 ad

346 3437 450 3515 cor;
477 3440 530 3499 ac
558 3411 783 3533 denique,
805 3411 931 3502 inter
947 3433 1130 3503 aortam
1154 3432 1202 3503 ct
1224 3441 1413 3502 ramum
1437 3409 1657 3501 dextrum
1680 3411 1859 3504 errario

344 3561 638 3690 pulmoualis
666 3565 863 3692 recepti,
887 3588 1149 3664 nectuntur
1179 3565 1369 3657 tamisa
1400 3564 1502 3690 pari
1534 3596 1646 3692 rago
1681 3545 1861 3696 ablega·

347 3718 427 3832 tis,
460 3740 605 3842 atquc
636 3749 778 3812 nervo
808 3722 1020 3814 cardiaco
1052 3719 1306 3848 principali
1336 3717 1491 3813 lateris
1513 3717 1705 3811 sinistri.
1846 3778 1852 3792 -

417 3873 480 3966 Et
499 3904 633 3967 nuuc
654 3876 864 3969 nascitur
879 3877 1144 4000 disquisitio
1162 3874 1453 3989 anatomica,
1480 3903 1586 3998 quae
1608 3895 1857 3970 nervorum

289 4051 293 4058 ·
346 4023 681 4122 cardiacorum
705 4061 862 4162 propa
889 4063 975 4123 cor
1003 4029 1365 4158 comprehendit
1392 4028 1665 4141 historiam,
1701 4048 1748 4122 ct
1777 4029 1857 4126 cui

344 4183 488 4312 paulo
526 4185 708 4280 diutius
745 4186 1057 4302 immorabor,
1096 4217 1254 4311 quum
1287 4184 1531 4279 solertiam
1571 4215 1855 4314 magnorum
1950 4243 1952 4248 v

344 4339 554 4432 virorum
584 4341 682 4468 jam
709 4344 925 4436 exercuit
1636 4451 1638 4466 ,

417 4495 1009 4622 incipiamus'scrmonem
1039 4533 1069 4592 a
1106 4497 1418 4626 descriptione
1452 4496 1750 4626 singulorum
1787 4527 1856 4590 ra-

267 4759 270 4765 ,
344 4677 561 4761 morum;
599 4654 711 4746 dein
743 4657 803 4747 ad
832 4640 1116 4784 generaliora
1153 4675 1340 4748 uosmet
1373 4651 1665 4747 extollamus.

414 4811 455 4926 5.
495 4838 570 4934 ¹9·
623 4806 808 4905 Nervus
850 4812 1011 4936 itaque
1062 4807 1313 4905 cardiacus
1350 4803 1661 4940 principalis,
1705 4839 1852 4931 quem

349 4957 420 5058 W
417 4957 604 5095 risbarg
653 4966 913 5060 maximam
964 5001 1047 5062 seu
1098 4999 1268 5064 aarum
1311 4963 1564 5091 appellat⁸,
1617 4965 1737 5057 dum
1789 4963 1849 5056 ad

354 5181 358 5188 ’
391 5205 479 5270 'De
505 5207 640 5296 nervis,
670 5157 812 5275 irterias
840 5229 1014 5295 venasque
1046 5201 1290 5282 comitantibus
1318 5210 1526 5300 manent,
1548 5205 1578 5300 §-
1602 5209 1671 5318 aar
1709 5179 1854 5312 Sylloge

344 5329 523 5392 wmmeut·
542 5333 650 5407 tutta
670 5323 832 5416 cetung.
852 5327 957 5416 1786,
979 5325 1147 5416 iu·4.⁸,p·
1168 5331 1221 5412 ⁵9·
1353 5365 1359 5382 ι
1634 5341 1638 5350 ·
