5080 6812
1038 795 1042 802 .
1097 685 1167 821 57-

244 1004 247 1008 ,
376 905 604 1024 incubui,
644 937 899 1032 nunquam
944 939 1143 1001 nervum
1190 907 1567 1022 intercostalem,
1621 939 1777 1033 neque
1808 910 1880 1000 ‘in
1924 941 1927 946 ¹
1985 969 1989 976 ·

374 1065 589 1178 thorace,
627 1095 782 1187 neque
815 1063 928 1156 alibi
960 1064 1311 1192 interruptum,
1354 1098 1432 1156 me
1462 1064 1626 1157 vidisse
1656 1064 1882 1172 memini;
1918 1055 1920 1062 '

373 1219 674 1311 solummodo
705 1219 1012 1315 directionem
1046 1253 1182 1312 suam
1209 1223 1275 1313 ita
1307 1221 1549 1314 interdum
1578 1241 1781 1313 mutasse
1812 1251 1883 1309 co

372 1375 532 1501 gnovi,
563 1395 674 1466 ante
703 1407 845 1466 suum
877 1375 927 1466 in
963 1375 1199 1469 abdomen
1225 1377 1510 1503 ingressum,
1544 1396 1601 1466 ut
1627 1383 1882 1467 cessantem
1911 1399 1932 1430 '·

375 1529 729 1644 existimassem,
762 1531 812 1620 ni
845 1531 1164 1656 scrupulosius
1194 1532 1247 1623 in
1273 1564 1373 1623 rem
1398 1530 1750 1652 inquisivissem.

451 1677 514 1774 af
546 1684 738 1777 Attente
769 1687 1030 1777 examinavi
1063 1707 1290 1778 truncum
1323 1687 1451 1777 nervi
1486 1683 1794 1777 intercostalis'
1820 1684 1880 1777 ab

375 1837 473 1962 ejus
503 1839 630 1930 exitu
666 1873 691 1930 e
723 1836 907 1969 ganglio
943 1839 1152 1932 cervicali
1189 1872 1431 1968 supremo,
1468 1839 1620 1964 usque
1653 1839 1712 1931 ad
1743 1839 1885 1962 quin·

374 2013 481 2083 tum
515 1992 736 2120 ganglion
770 1993 1087 2108 thoracicum,
1121 2016 1187 2109 et,
1218 1994 1399 2123 analysi
1432 2027 1519 2120 ope
1556 1994 1881 2087 macerationis

294 2236 298 2246 ,
374 2147 517 2262 lacta,
549 2146 799 2241 clarissime
830 2150 1061 2275 perspexi,
1094 2181 1205 2241 eum
1236 2171 1464 2241 truncum
1490 2149 1710 2276 ganglion
1746 2149 1883 2242 cervi·

373 2302 472 2393 cale
512 2302 726 2394 medium
767 2324 911 2426 atque
948 2303 1174 2397 tertium¹
1211 2304 1447 2430 trajicere,
1490 2304 1550 2395 ad
1586 2304 1880 2398 thoracicum
1922 2305 1927 2318 ’

371 2457 587 2580 primum
621 2460 897 2582 pervenire,
927 2460 993 2551 ibi
1029 2492 1140 2551 cum
1178 2457 1344 2554 multis
1370 2457 1640 2552 ‘filamentis
1671 2447 1881 2573 misceri,

373 2643 428 2701 ex
463 2642 518 2702 eo
552 2611 732 2737 egredi,
775 2613 826 2703 in
869 2613 1163 2706 thoracicum
1196 2615 1460 2707 secundum
1499 2616 1664 2740 recipi,
1703 2635 1751 2706 et
1781 2613 1883 2739 ejus
1923 2623 1927 2636 ’

373 2762 496 2858 latus
535 2765 782 2859 internum
809 2755 1036 2894 occupare
1046 2807 1059 2878 ;
1099 2769 1210 2861 dein
1246 2769 1306 2860 ad
1343 2769 1538 2862 tertium
1569 2791 1616 2862 et
1652 2790 1880 2892 quartum

373 2920 595 3029 transire;
626 2943 863 3047 postremo
898 2925 949 3015 in
981 2924 1145 3016 iisdem
1176 2957 1288 3015 cum
1317 2924 1420 3017 aliis
1450 2915 1709 3018 filamentis
1739 2917 1882 3017 cohae»

373 3108 489 3188 rere,
523 3076 587 3167 ita
623 3077 841 3199 quidem,
867 3102 923 3172 ut
949 3112 1131 3206 semper
1154 3079 1277 3173 latus
1310 3080 1556 3173 internum
1583 3080 1880 3208 gangliorum

375 3251 544 3323 teneat.
590 3232 731 3325 Haud
764 3235 926 3327 minus
956 3235 1008 3325 in
1039 3233 1132 3325 alio
1170 3235 1299 3326 nervi
1331 3235 1658 3362 sympathetici
1687 3257 1878 3350 trunco,

373 3417 517 3508 quem
551 3387 653 3512 pari
686 3390 830 3480 modo
859 3390 1123 3482 dissectioni
1154 3389 1355 3514 subjeci,
1385 3390 1627 3482 certiorem
1663 3422 1740 3482 me
1769 3391 1880 3483 sece-

372 3562 489 3632 runt
518 3572 631 3634 meae
661 3544 1003 3636 observationes
1028 3545 1096 3636 de'
1116 3544 1261 3637 simili
1298 3567 1533 3637 structura
1564 3545 1881 3678 istiusnervi,
1928 3553 1932 3560 ’

372 3728 400 3787 a
427 3698 583 3821 primo
615 3698 801 3827 ganglio
827 3699 1064 3793 thoracico
1097 3732 1247 3823 usquc
1276 3700 1336 3791 ad
1363 3701 1626 3794 seeundum
1655 3698 1877 3794 sacralem

373 3853 640 3944 examinati.

448 4008 594 4133 lgitur
629 4008 762 4100 nulla
801 4009 929 4100 adest
966 4010 1250 4136 interruptio
1283 4012 1334 4101 in
1368 4031 1538 4101 trunco
1573 4011 1702 4130 nervi
1739 4010 1881 4103 inter-

374 4161 576 4276 costalis,
613 4195 767 4286 neque
792 4163 854 4256 ‘in
887 4167 1072 4292 regione
1110 4165 1342 4281 cervicali,
1375 4196 1529 4287 neque
1559 4166 1612 4256 in
1645 4177 1777 4291 parte
1806 4151 1885 4258 su-¹

371 4316 542 4442 periori
573 4317 796 4428 thoracis;
828 4321 905 4411 sed
937 4322 1190 4413 tenerrima
1210 4319 1484 4433 filamenta,
1512 4353 1616 4444 quae
1649 4343 1877 4414 truncum
1939 4319 1943 4334 ‘

374 4495 696 4599 componunt,
726 4474 908 4602 ganglia
946 4476 1212 4602 trajiciunt,
1252 4477 1441 4568 tramite
1475 4507 1574 4568 non
1609 4476 1899 4606 interscisso(
1963 4571 1966 4592 ζ

443 4632 484 4746 5.
524 4621 602 4754 75.
651 4629 899 4743 Ceterum,
935 4631 1019 4724 istc
1046 4655 1245 4725 truncus
1269 4631 1372 4756 pari
1400 4631 1542 4722 modo
1571 4630 1791 4722 sehabet
1824 4663 1879 4721 ac

374 4779 543 4904 reliqui
574 4787 730 4898 nervi,
758 4807 864 4878 tum
890 4784 1140 4878 cerebrales
1159 4808 1265 4879 tum
1291 4782 1503 4911 spinales.
1537 4783 1879 4909 Componitur,

374 4937 433 5028 ad
472 4938 618 5033 instar
659 4939 878 5057 illorum,
919 4977 944 5034 e
982 4941 1294 5055 staminibus,
1336 4971 1440 5062 quae
1479 4939 1609 5065 juxta
1646 4941 1878 5067 seposita

423 5281 432 5310 ¹
456 5279 546 5346 Vide
568 5283 718 5348 tabulam
741 5287 924 5350 secundam
948 5291 981 5348 et
1003 5281 1156 5362 ejusdem
1179 5237 1474 5367 explicationem..

1520 5389 1548 5480 8
