5080 6812
1384 681 1452 788 dd

668 889 941 980 seinvicem
970 890 1109 1014 positi
1139 907 1274 1003 sunt,
1298 907 1345 980 et
1378 909 1478 980 tam
1506 885 1672 1000 vieini,
1702 907 1757 979 ut
1784 888 1917 1008 quasi
1946 887 2178 980 membra&

671 1073 784 1135 nam
808 1044 1026 1135 arteriam
1053 1043 1379 1136 investientem
1403 1043 1709 1135 constituant.
1740 1039 1875 1133 Falso
1895 1041 1965 1135 W
1964 1036 2173 1170 risberg¹

670 1196 796 1291 bane
823 1223 1076 1293 nervorum
1106 1201 1165 1290 ad
1188 1197 1494 1292 vertebralem
1524 1198 1744 1292 arteriam
1770 1187 2005 1290 rationem
2034 1197 2177 1323 plexi-

671 1351 765 1446 bus·
796 1354 1044 1446 ordinariis
1080 1354 1375 1446 adnumerat.
1502 1473 1504 1478 ,

742 1509 848 1602 Pari
887 1509 1030 1602 modo
1058 1511 1234 1603 arteriae
1267 1508 1504 1601 saeialesa
1541 1508 1692 1600 neruis
1727 1506 2067 1631 illaqueantur,
2109 1507 2175 1601 ita'

671 1686 833 1757 tamen
863 1665 1146 1758 utistorum
1178 1663 1354 1756 surculi
1392 1663 1445 1755 in
1476 1685 1758 1758 truncorum
1787 1662 2044 1790 parietibus
2071 1683 2175 1756 non

671 1819 999 1914 absumantur.

748 1974 797 2092 2)
826 1977 985 2103 Longe
1009 1974 1144 2067 aliae
1168 1971 1409 2064 contrario
1425 1971 1548 2065 ratio
1564 1971 1749 2065 obtinet
1767 1972 1817 2063 in
1840 1971 1932 2066 fere
1951 1973 2177 2066 omnibus¹

671 2131 948 2224 arteriarum
980 2131 1143 2243 ramis,
1174 2159 1291 2251 quos
1315 2127 1610 2256 gangliorum
1641 2129 1769 2220 nervi
1799 2128 2102 2220 comitantur.

679 2299 687 2310 ‘
723 2284 909 2379 ·Plexus
944 2287 1078 2378 enim
1110 2284 1351 2377 numerosi·
1383 2316 1483 2375 non
1514 2263 1675 2375 solum·
1706 2284 1896 2377 arterias
1934 2284 2175 2412 stringunt

671 2461 814 2562 atque
846 2440 1203 2567 amplectuntur
1212 2493 1227 2552 ,·
1260 2439 1392 2531 sieut·
1413 2438 1584 2530 hedera
1615 2437 1800 2554 arboris
1819 2440 2037 2565 stirpem;
2071 2439 2174 2553 sed,

670 2597 844 2689 t'unic'is
869 2596 1126 2719 eamndem
1158 2595 1346 2707 accreti,
1371 2593 1429 2685 in·
1448 2607 1619 2721 organa
1647 2626 1759 2685 eum
1782 2595 1882 2686 istis
1899 2595 2176 2722 vasis-pene

673 2770 829 2865 trant,
860 2750 1023 2844 molles
1051 2773 1098 2844 et
1127 2752 1259 2875 quasi
1288 2749 1475 2877 pulposi
1506 2746 1655 2862 fiunt,
1680 2771 1727 2842 et
1762 2751 1814 2840 in
1841 2748 1932 2843 tela
1957 2750 2176 2843 cellulosa

672 2905 855 3000 arteriae·
876 2929 1180 3019 evanescunt,
1203 2905 1273 2998 vel
1295 2905 1461 2998 saltem
1489 2903 1629 2996 oculo
1652 2906 1791 2997 nudo·
1811 2917 1864 2997 se*
1887 2906 2175 3000 subducunt.

679 3097 689 3128 -.
743 3062 1070 3190 sagacissimus
1101 3059 1272 3153 Lucre²
1303 3059 1584 3172 observavit,
1620 3061 1781 3185 quoad
1812 3063 2044 3154 rationem
2076 3079 2177 3155 ner2

671 3249 840 3310 vorum
859 3237 1190 3340 vasorumque,
1212 3215 1404 3308 nullum
1423 3216 1673 3308 discrimen
1690 3217 1909 3311 interesse·
1920 3217 2179 3342 majoribus

673 3372 858 3466 arteriis·
888 3385 1033 3496 atque
1065 3371 1331 3464 minoribus
1357 3407 1376 3462 a
1398 3371 1530 3493 quod
1568 3369 1789 3495 equidem
1822 3357 1938 3466 meis
1973 3373 2177 3466 observa-

672 3528 885 3622 tionibus
916 3525 1197 3622 confirmare
1226 3559 1439 3653 possum·
1496 3579 1499 3590 ·
1559 3535 1565 3574 ³
1602 3561 1604 3569 ’
1703 3567 1708 3578 ·
1811 3557 1816 3564 ·

704 3733 707 3738 ·
745 3659 915 3800 Quum
942 3693 1048 3776 'vero
1074 3682 1372 3808 microscopii.
1396 3715 1483 3807 ope
1504 3681 1775 3775 lustrantur
1802 3683 1956 3796 nervi,
1988 3689 2174 3812 gratum

672 3839 820 3934 oeulis
855 3849 948 3934 Sese
980 3839 1154 3966 praebet
1195 3837 1535 3965 spectaculumr
1581 3839 1774 3931 Etenim
1810 3837 1981 3932 ultima
2013 3869 2178 3934 nervo*

670 3993 829 4089 lorum
871 3992 1115 4088 filamenta
1152 3993 1342 4086 arterias
1384 3994 1611 4087 adeuntis
1652 3995 1725 4086 in·
1746 3971 1995 4088 fibrillulas
2031 3995 2177 4089 deliis*

672 4172 792 4244 eunt
816 4183 1107 4264 numerosas,
1128 4165 1251 4275 quae,
1271 4159 1395 4242 arcte
1417 4149 1512 4242 sibi.
1524 4151 1727 4243 invicem
1738 4151 1997 4278 applicitae,
2019 4165 2177 4245 totum

670 4306 791 4421 fere,
825 4307 971 4430 quod
1012 4307 1201 4401 arterias
1246 4306 1536 4420 circumdat,
1590 4328 1685 4400 rete
1724 4305 2002 4400 cellulosum
2047 4305 2179 4401 effor-

672 4481 833 4573 mant}
862 4493 958 4587 quo
979 4459 1055 4578 fit,
1086 4479 1143 4556 ut
1171 4463 1224 4556 in
1250 4463 1337 4556 isto
1365 4482 1541 4559 tractus
1565 4453 1821 4557 cernantur
1846 4461 2014 4579 albidi,
2037 4463 2179 4556 direcr

671 4616 854 4714 tionem
890 4643 1133 4713 ramomm
1166 4617 1344 4714 betulae·
1366 4628 1602 4735 tenentes,
1636 4641 1668 4711 a·
1701 4616 1969 4712 ramusculo
2009 4627 2177 4714 nerved

1990 4807 1997 4848 t
2096 4813 2104 4840 r
2164 4797 2178 4840 ‘l

717 4933 727 4962 ¹
764 4929 1028 4996 Observationes
1062 4928 1262 4995 anatomieoe
1296 4933 1457 5012 'quanm
1495 4926 1587 4992 eirca
1618 4947 1742 4994 nervos
1776 4926 1916 4992 arterias
1949 4931 2112 4992 adeuntes
2145 4936 2178 4994 et

673 5045 882 5113 comitantes.
918 5046 1072 5110 Francos.
1091 5049 1136 5109 ad
1158 5049 1332 5124 Moeniun,
1357 5047 1460 5124 1810'3
1475 5044 1599 5130 'in-4.⁰,
1621 5043 1737 5132 §.·1X,
1759 5056 1838 5132 pag.
1855 5049 1909 5108 ati.
2040 5041 2047 5054 '

716 5163 734 5197 ⁸⁴
753 5161 959 5225 commenti·
976 5164 1020 5224 de
1053 5160 1167 5224 newis
1200 5159 1341 5224 arterias
1369 5177 1542 5241 venasque
1575 5160 1845 5247 comitantibus,
1875 5158 1906 5248 ς.
1935 5163 2006 5240 ³⁰3
2045 5139 2176 5250 Sy'llog.

672 5277 857 5342 &minent
879 5283 969 5341 snat.
1003 5274 1185 5364 Goettinffi
1208 5274 1639 5362 1786,inr.⁰,psg·=tte
1686 5307 1687 5312 κ
2128 5279 2163 5304 ’·’
