5076 6816
1092 664 1153 790 vij

892 944 1122 1020 TABULA
1157 945 1349 1022 SEXTA.

415 1151 542 1228 Simili
558 1148 679 1229 modo
696 1151 739 1227 in
754 1149 830 1226 hac
847 1153 1006 1256 pictura
1026 1153 1139 1230 nervi
1157 1152 1313 1232 tractati
1330 1170 1423 1231 aunt
1438 1179 1485 1232 ac
1504 1154 1547 1234 in
1568 1155 1825 1262 praecedenti.
1845 1129 1850 1140 ⁸

365 1390 439 1480 Fig.
459 1413 489 1456 1.
513 1389 667 1458 Monstrat
692 1387 899 1456 anastomosin
917 1388 1005 1456 nervi
1031 1388 1102 1474 vagi
1122 1389 1222 1457 dextri
1242 1412 1314 1458 cum
1331 1388 1428 1481 plexu
1446 1389 1539 1460 solari
1562 1393 1733 1462 nomadum
1755 1391 1872 1480 magni-

465 1500 605 1570 tudinem
622 1497 792 1568 neutralem
809 1498 1008 1586 delineatam,
1025 1521 1046 1570 e
1070 1501 1222 1572 cautere
1242 1501 1375 1574 nien&

413 1631 446 1730 a.
469 1664 590 1730 Nervus
606 1684 703 1747 vagus
720 1662 828 1730 dexter
841 1683 943 1752 prope
961 1659 1177 1730 ventriculum.

365 1815 384 1846 ο
413 1785 445 1854 b.
470 1781 619 1856 Remulus
640 1784 681 1852 ad
703 1783 907 1854 stomachum.

413 1935 443 1978 c.
467 1909 583 1978 nanas
600 1909 642 1976 ad
660 1907 770 1976 faciem
786 1907 992 2000 posteriorem
1011 1907 1174 1978 ventriculi
1190 1905 1288 1978 tribus
1310 1907 1464 1984 radicibus
1486 1931 1505 1979 e
1524 1924 1636 1980 muco
1656 1909 1773 1980 abiens.

419 2030 454 2100 d.
477 2032 586 2102 Fascia
605 2032 833 2102 communicans
846 2031 1120 2124 mongum
1134 2057 1236 2104 umus
1254 2035 1492 2106 mastomoticus
1508 2033 1874 2128 abdomine-embadion.

412 2181 487 2229 eet.
510 2158 600 2228 Rami
620 2157 768 2245 gangliosi
792 2157 903 2250 plexus
925 2158 1044 2229 solaris.

361 2344 435 2436 Fig-
458 2366 491 2414 a.
515 2344 610 2413 Nervi
627 2344 839 2436 praecedentes
861 2343 1058 2436 microscopii
1077 2366 1140 2435 ope
1162 2343 1209 2413 bis
1232 2345 1323 2413 aucti.

409 2537 442 2581 a.
466 2516 587 2584 Nervus
608 2535 706 2600 vagus
721 2495 847 2604 dexter.

411 2637 441 2704 b.
468 2640 583 2704 Remus
601 2637 642 2704 ad
659 2634 876 2705 ventriculum.

407 2786 436 2828 c.
462 2765 577 2831 Ramus
597 2762 764 2829 adfaciem
783 2761 989 2852 posteriorem
1010 2759 1183 2832 ventriculi.

408 2885 443 2956 d.
457 2887 574 2954 .Fascia
595 2884 824 2954 communicans
844 2888 894 2955 W
890 2886 1039 2979 risbergo·
1057 2888 1090 2956 in
1105 2886 1233 2980 plcxum
1251 2884 1397 2958 resoluta.

407 3030 480 3077 ece.
506 3011 596 3080 Rami
613 2979 762 3097 gangliosi
780 3007 891 3102 plexus
914 3010 1031 3079 solaris.

409 3146 501 3216 tono
525 3161 658 3234 augente
681 3147 763 3216 hanc
791 3146 1048 3239 preparationem
1073 3143 1257 3215 examinanti
1280 3143 1369 3214 secde
1392 3144 1450 3214 erit
1469 3146 1633 3214 tenerrima
1655 3145 1827 3237 filamenta,
1852 3155 1882 3218 e'

458 3259 570 3352 quibus
588 3260 663 3330 rami
677 3260 726 3328 isti
746 3274 993 3350 componuntur,
1011 3279 1141 3327 enervo
1160 3279 1242 3344 rego
1256 3249 1411 3354 deducere
1431 3258 1470 3325 ad
1488 3257 1627 3345 ganglia,
1640 3275 1671 3326 et
1688 3260 1757 3328 vice
1776 3283 1867 3328 versa

459 3394 498 3438 cx
521 3369 569 3438 his
590 3371 621 3438 in
649 3369 756 3458 illum,
777 3371 900 3440 tramite
922 3393 987 3439 non
1013 3370 1197 3460 interrupto.
1222 3369 1401 3438 Attentione
1427 3369 1526 3455 dignae
1557 3368 1746 3438 videbuntur
1773 3369 1870 3438 subti-

455 3480 641 3554 lissimorum
664 3483 789 3551 filorum
809 3483 1037 3570 intricationes,
1060 3501 1130 3576 quae
1149 3479 1316 3549 hincinde
1341 3496 1533 3569 occinunt,
1553 3482 1709 3572 precipue
1735 3482 1768 3550 in
1794 3480 1867 3549 ioco

456 3593 556 3674 littera
573 3591 609 3686 f
631 3609 750 3664 notato.

845 3793 1078 3870 TABULA
1114 3791 1378 3872 SEPTIMA.

353 3992 559 4095 Ganglion
584 4007 841 4097 repraesentat
865 3991 1106 4068 semilunare
1126 3989 1435 4080 inflammatum,
1453 3988 1496 4066 in
1512 3988 1706 4066 Sectionis
1724 3987 1864 4092 patho-

689 4116 828 4219 logicae
849 4113 902 4211 §.⁰
925 4121 1011 4211 141,
1034 4141 1120 4220 pag.
1147 4122 1235 4214 149,
1258 4112 1512 4217 descriptum

401 4365 435 4407 a.
461 4343 604 4409 Truncus
625 4340 714 4409 nervi
730 4339 919 4432 splanchnici
938 4340 970 4406 in
994 4336 1132 4407 thorace.

396 4463 510 4538 boob.
534 4465 665 4534 Radices
687 4467 826 4558 ejusdam
845 4489 863 4532 e
883 4463 1010 4550 gangliis
1031 4462 1203 4532 thoracids.

401 4612 428 4655 c.
453 4591 596 4657 Truncus
614 4611 716 4680 prope
742 4587 886 4674 ganglion
906 4589 1075 4656 admodum
1092 4589 1252 4655 latescens.

398 4711 431 4782 d.
458 4711 611 4799 Ganglion
631 4715 732 4804 ipsum
752 4713 784 4779 in
801 4727 890 4804 parte
910 4711 1060 4803 superiori
1076 4711 1181 4780 vivide
1199 4709 1344 4798 rubrum,
1366 4708 1398 4777 in
1416 4704 1552 4776 inferiori
1572 4720 1676 4776 autem
1694 4703 1834 4774 lividum.

397 4857 497 4904 eece.
523 4838 611 4906 Remi
632 4838 743 4906 existo
764 4837 964 4923 egredientes.

386 4957 427 5050 f.
455 4961 543 5028 Rami
562 4960 746 5053 adplenum
769 4961 914 5032 renalem.

389 5107 433 5174 g.
461 5087 533 5156 Pars
553 5085 671 5155 arteria
689 5085 868 5175 emulgentis
885 5089 1010 5156 denna.
