5080 6812
1116 688 1178 821 75

389 915 588 1029 ramuli,
617 913 851 1006 ediversis
881 912 994 1005 locis
1017 913 1067 1004 in
1093 910 1288 1042 gangliis
1314 931 1557 1026 coeuntes,
1587 907 1756 1005 intima
1787 911 1902 1004 mix-

384 1061 521 1166 tione
555 1071 621 1164 ibi
660 1068 967 1196 copulentur,
1020 1053 1114 1193 qua
1155 1101 1204 1160 rc
1241 1079 1281 1160 a
1302 1067 1516 1194 plexibus
1549 1067 1800 1186 differunt,
1848 1071 1900 1163 in

390 1229 567 1354 quibus
600 1259 754 1319 ramos
782 1224 1083 1318 solummodo
1110 1225 1243 1351 juxta
1272 1225 1447 1350 positos
1480 1225 1638 1317 credit.
1817 1223 1822 1234 ’

462 1377 1065 1512 §.95.Jolznston¹ganglia
1081 1380 1275 1508 parvula
1290 1381 1472 1473 cerebra
1485 1413 1577 1473 csse
1593 1383 1900 1508 pronunciat,

393 1529 498 1668 quae
521 1539 708 1633 duabus
731 1569 756 1628 e
776 1538 1053 1631 substantiis
1079 1539 1336 1664 composita
1358 1560 1491 1651 sunt,
1523 1537 1704 1632 cinerea
1732 1572 1903 1665 nempe

352 1791 357 1797 .
387 1715 439 1792 et
467 1693 740 1806 medullari,
769 1715 816 1786 et
847 1692 897 1784 in
927 1693 1122 1816 quibus,
1156 1716 1320 1819 praeter
1342 1725 1446 1785 vasa
1473 1694 1699 1808 minima,
1727 1696 1903 1818 quibus

392 1853 596 1947 nutritio
615 1849 874 1977 peragitur,
896 1841 1023 1941 fibrae
1041 1880 1240 1942 nervosae
1257 1838 1450 1963 adsunt,
1471 1881 1575 1972 quae
1594 1847 1903 1944 directionem

390 2008 685 2103 'rectilineum
717 2005 951 2098 amittunt
985 2028 1032 2097 et
1066 2037 1238 2098 novam
1269 2003 1480 2131 partium
1512 2007 1904 2100 constitutionem

392 2168 659 2294 patiuntur.
701 2162 808 2254 Haec
832 2160 1021 2290 ‘ganglia
1058 2162 1160 2288 pari
1196 2153 1371 2275 modo,
1405 2196 1458 2253 ac
1495 2163 1772 2280 cerebrum,
1805 2166 1903 2260 vim

395 2353 614 2415 nerveam
632 2316 856 2410 evolvunt
876 2338 1019 2439 atquc
1035 2319 1219 2445 organis
1237 2307 1609 2410 communicant.
1643 2321 1716 2412 De
1739 2353 1906 2414 eorun—
1962 2403 1964 2408 .

396 2479 505 2570 dem
527 2508 616 2568 usu
641 2493 785 2596 atque
809 2471 1138 2564 functionibus
1153 2503 1259 2564 vero
1282 2474 1570 2601 ingeniosam
1586 2474 1788 2602 protulit
1807 2508 1906 2571 sen-

395 2633 597 2725 tentiam
626 2631 710 2720 iste
736 2649 924 2740 auctor,
960 2660 1054 2751 qua
1088 2626 1270 2755 ganglia
1301 2661 1387 2754 pro
1420 2631 1551 2722 fonte
1584 2631 1728 2724 habet
1761 2656 1905 2755 atque

395 2790 573 2916 origine
606 2816 857 2877 nervorum
892 2783 950 2874 ad
981 2815 1152 2912 organa
1191 2782 1509 2876 involuntaria
1543 2787 1904 2912 pertinentium.

397 2947 474 3038 Fit
503 2943 736 3036 nimirum
759 2972 924 3032 eorum
950 2973 1061 3066 ope,
1086 2925 1232 3034 utris
1257 2931 1517 3034 uoluntatis
1544 2943 1829 3071 infringatur
1852 2944 1903 3036 in

394 3125 548 3230 partes
584 3098 735 3191 animi
770 3097 966 3223 imperio
1012 3128 1112 3190 non
1153 3096 1406 3224 subjectas,
1445 3119 1493 3190 ct
1533 3121 1693 3192 motus
1733 3101 1903 3214 cordis,

396 3255 595 3384 exempli
626 3253 795 3381 gratia,
827 3287 880 3344 ac
914 3253 1250 3346 intestinorum
1280 3252 1422 3379 plane
1446 3255 1507 3347 sit
1543 3254 1904 3376 involuntarius.

469 3420 510 3533 ς.
540 3410 624 3538 96.“
660 3406 1117 3525 Juxta'Haastum²,
1155 3441 1266 3502 usus
1297 3409 1591 3539 gangliorum
1626 3413 1677 3502 in
1706 3413 1760 3504 eo
1798 3446 1906 3508 con·

396 3570 544 3684 sistit,
580 3589 637 3660 ut
671 3563 854 3657 nervuli
895 3565 947 3655 in
989 3565 1044 3656 iis
1073 3597 1099 3655 a
1131 3596 1177 3657 se
1212 3567 1453 3680 recedant,
1499 3589 1568 3681 et,
1616 3590 1801 3661 mutata
1839 3570 1906 3661 di-

397 3726 626 3837 rectione,
662 3723 722 3814 ad
759 3705 1021 3848 proximas,
1062 3721 1200 3815 variis
1238 3723 1505 3850 regionibus
1542 3723 1714 3853 positas
1753 3747 1905 3852 partes

306 3971 311 3976 .
397 3882 673 3973 dividantur
701 3915 711 3970 :
739 3909 837 4000 quo
869 3873 948 3991 fit,
983 3897 1040 3970 ut
1075 3907 1188 3970 cum
1219 3867 1433 4004 plexibus
1460 3882 1684 3995 nervosis,
1724 3883 1906 3976 ratione

399 4038 726 4151 functionum,
759 4034 937 4160 optime
960 4035 1268 4148 conveniant,
1295 4053 1343 4127 et'
1370 4067 1558 4128 summa
1586 4038 1750 4130 existat
1782 4041 1905 4132 inter

398 4195 482 4286 has
506 4224 757 4286 nervorum
775 4190 1135 4317 conjunctiones
1153 4190 1387 4318 analogia,
1410 4224 1515 4315 quae
1535 4194 1660 4286 inter
1677 4194 1767 4287 alia
1781 4229 1835 4288 ex
1851 4230 1904 4288 eo

397 4343 549 4479 patet,
576 4349 705 4472 quod
729 4379 869 4473 parva
892 4345 1075 4474 ganglia
1098 4348 1263 4474 saepius
1289 4350 1534 4440 intertexta
1556 4351 1654 4443 sint
1678 4351 1903 4478 plexibus.

399 4509 544 4635 Negat
565 4507 648 4598 istc
665 4487 851 4615 auctor,
874 4534 1037 4595 nervos
1058 4503 1109 4594 in
1133 4487 1328 4632 gangliis
1345 4505 1472 4636 uniri
1494 4504 1565 4596 vel
1592 4539 1772 4602 novum
1799 4539 1905 4602 con-

398 4685 581 4756 textum
622 4658 900 4754 cellulosum
932 4661 1149 4787 accipere.
1196 4659 1384 4752 Refellit
1420 4661 1590 4754 deinde
1627 4665 1909 4790 opinionem¹

398 4814 694 4926 Johnstomt',
728 4849 815 4943 pro
849 4817 1138 4945 argumentis
1167 4817 1435 4910 adducens:
1474 4814 1534 4908 1.⁰
1566 4819 1802 4916 musculos
1832 4855 1906 4915 vo·

446 5103 454 5130 ¹
480 5099 520 5162 J.
539 5097 738 5170 Jotnston,
766 5095 1080 5186 Untercucdungen
1097 5097 1185 5161 iiber
1201 5097 1265 5160 dos
1281 5097 1564 5188 Nervensyseemr
1587 5121 1620 5163 a.
1638 5101 1670 5164 d.
1690 5101 1813 5192 EngL,
1836 5125 1905 5170 oon

398 5210 599 5280 Michaelis.
636 5208 801 5302 Leriazig,
830 5215 933 5296 1796,
957 5208 1076 5296 ἐπι-83,
1098 5233 1136 5296 p.
1156 5231 1209 5295 94.

446 5333 458 5364 ’
482 5333 519 5392 Ι.
541 5351 589 5412 c.‚
609 5350 644 5411 p.
659 5331 699 5408 75
724 5337 756 5390 et
776 5335 928 5408 sequent.
