5080 6812
1424 705 1487 814 16

697 925 923 1042 ueniunt,
956 945 1101 1049 atque
1133 923 1365 1022 intimum
1404 925 1530 1020 inter
1558 956 1605 1018 se
1641 923 1823 1030 habent
1853 927 2208 1022 commercium.

705 1139 711 1148 ·
770 1085 938 1206 ltaque
965 1083 1017 1176 in
1042 1082 1261 1176 cadavere
1276 1115 1417 1210 supra
1442 1082 1588 1196 dicto,
1615 1113 1728 1174 cum
1751 1084 1958 1175 maxima
1982 1115 2092 1174 cura
2109 1116 2211 1211 per-

696 1238 950 1356 scrutanti,
979 1239 1196 1362 sequenti
1222 1235 1366 1332 modo
1392 1269 1440 1332 se
1467 1235 1646 1332 obtulit
1666 1239 1793 1367 origo
1816 1257 1962 1362 atque
1989 1239 2210 1338 decursus

699 1425 953 1490 nervorum
987 1395 1040 1488 in
1076 1391 1265 1488 sinistro
1296 1393 1439 1489 latere
1474 1396 1534 1487 ad
1562 1427 1642 1486 cor
1672 1395 2032 1522 pertinentium.

773 1547 949 1647 Nullus
979 1549 1134 1644 adfuit
1168 1581 1338 1646 nervus
1368 1552 1608 1645 cardiacus
1642 1547 1967 1678 superficialis,
1997 1582 2211 1673 nequae

697 1704 884 1836 ganglia
911 1705 1098 1823 olivam,
1123 1737 1280 1831 neque
1307 1741 1363 1804 cx
1380 1731 1543 1802 octavo
1563 1709 1678 1836 pari.
1707 1707 1799 1803 Sed
1824 1706 2045 1836 ganglion
2071 1708 2209 1802 cervi·

699 1860 799 1958 cale
836 1865 1052 1962 medium
1091 1866 1355 1962 admodum
1395 1867 1706 1996 conspicuum
1739 1866 1986 1960 emittebat
2023 1866 2210 1964 funicu-

696 2016 804 2114 lum
833 2052 1017 2139 unum‚
1043 2022 1235 2140 fortem,
1256 2044 1380 2118 retro
1410 2025 1667 2117 carotidem
1688 2022 2071 2136 descendentem,
2100 2021 2206 2144 qui,

697 2173 819 2268 lacta
841 2179 1126 2274 anastomosi
1151 2211 1264 2272 cum
1285 2201 1553 2274 recurrente
1573 2176 1765 2294 Galcni,
1786 2198 2020 2301 tanquam
2038 2207 2207 2272 nervus

698 2327 856 2426 sordis
881 2329 1170 2466 principalis
1195 2336 1256 2440 ad
1285 2336 1421 2430 basin
1455 2337 1607 2430 cordis
1636 2334 1930 2462 properabat

767 2489 809 2582 E
848 2490 1109 2608 contrario,
1152 2491 1375 2621 ganglion
1416 2491 1711 2586 thoracicum
1748 2491 1964 2618 primum
2005 2519 2205 2582 nervum

696 2641 1089 2740 subministrabat
1131 2643 1407 2740 cardiacum
1440 2639 1814 2784 superficialem,
1858 2665 1981 2738 retro
2027 2640 2207 2736 subcla-

694 2797 822 2891 riam
860 2799 1056 2924 quidem
1096 2802 1480 2920 descendentem,
1517 2804 1597 2897 sed
1630 2799 1909 2895 ramusculis
1943 2794 2206 2928 superficia-

694 2949 823 3048 libus
847 2956 1024 3050 arteriae
1052 2959 1249 3052 carotidi
1278 2979 1423 3083 atque
1448 2980 1590 3053 aortae
1611 2957 1986 3084 prospicientem.

767 3108 916 3204 Plane
953 3111 1097 3240 igitur
1129 3115 1307 3209 inversa
1336 3116 1458 3210 ratio
1491 3113 1641 3207 valuit
1676 3113 1797 3205 circa
1831 3141 2084 3205 nervorum
2112 3143 2206 3202 car·

695 3264 940 3361 diacorum
984 3291 1144 3364 ortum
1193 3290 1337 3396 atque
1381 3269 1592 3366 indolem
1636 3269 1812 3364 sinistri
1857 3266 2011 3365 lateris
2060 3287 2206 3392 atque

695 3419 856 3514 dextri.

701 3672 705 3682 ,
767 3575 913 3694 Quod
947 3580 1008 3672 ad
1042 3580 1315 3678 ulteriorem
1354 3585 1604 3679 decursum
1641 3581 1771 3676 nervi
1802 3580 2000 3674 cardiaci
2032 3580 2205 3707 princi,-

692 3731 811 3862 palis
832 3736 1025 3854 attinet,
1047 3737 1125 3830 hic
1143 3771 1299 3834 versus
1317 3741 1453 3835 basin
1468 3741 1619 3833 cordis
1636 3739 1893 3853 descendit,
1914 3758 2058 3862 atque
2078 3737 2205 3830 inter

693 3912 833 3986 aortae
866 3895 1206 3989 concavitatem
1236 3919 1284 3990 et
1317 3928 1507 3990 ramum
1542 3896 1719 3990 arteriae
1750 3891 2043 4021 pulmonalis
2072 3890 2204 3986 sinis·

694 4067 825 4140 trum
843 4049 1079 4177 recipitur.
1099 4051 1226 4145 Dein
1242 4053 1549 4148 anastomosis
1568 4049 1623 4146 fit
1639 4051 1764 4146 inter
1777 4051 1985 4146 eundem
2001 4079 2202 4143 nervum

692 4201 962 4296 cardiacum
993 4226 1042 4298 et
1080 4238 1281 4302 nervum
1313 4210 1584 4303 cardiacum
1617 4211 1836 4302 dextrum
1876 4203 2202 4307 collateralem.

693 4355 856 4452 Postea
875 4358 928 4452 in
949 4393 1105 4456 ramos
1123 4364 1241 4456 duos
1254 4365 1537 4494 principales
1556 4365 1803 4480 dividitur,
1817 4394 2026 4488 quorum
2037 4360 2202 4491 prior,

694 4531 940 4627 externus,
979 4518 1269 4615 ramusculos
1298 4541 1390 4617 tres
1420 4543 1507 4618 aut
1537 4543 1746 4649 quatuor
1783 4517 1995 4647 impertit
2025 4513 2203 4620 arteriae

691 4667 961 4794 pulmonali
979 4675 1192 4792 sinistrae,
1215 4679 1592 4774 anastomosibus
1615 4646 1748 4774 lactis
1765 4708 1877 4770 cum
1896 4705 2032 4770 ramo
2054 4691 2203 4803 poste-

691 4823 814 4934 riore
840 4831 968 4922 nervi
998 4832 1197 4927 cardiaci
1221 4836 1450 4962 profundi
1477 4837 1653 4947 dextri3
1682 4829 1935 4943 secundus,
1966 4828 2199 4940 internus,

691 5009 746 5069 ac
768 4979 913 5076 veluti
937 4985 1238 5083 continuatio
1256 4993 1437 5109 trunci,
1463 4993 1588 5087 inter
1609 5015 1791 5088 aortam
1810 5012 1956 5115 atque
1978 4983 2199 5079 arteriam

689 5134 1020 5261 pulmonalem
1055 5145 1421 5271 profundissime
1456 5149 1733 5266 collocatus,
1773 5149 1826 5241 in
1865 5169 1958 5240 tres
1990 5137 2201 5236 ramulos

605 5345 609 5352 ·
692 5289 867 5390 iterum
893 5295 1123 5394 dehiscit:
1151 5300 1213 5396 1.⁰
1232 5337 1410 5426 unum,
1436 5339 1523 5438 pro
1546 5307 1688 5436 plexu
1715 5302 1959 5402 coronario
1981 5297 2198 5434 sinistro3
