5080 6812
1368 671 1430 794 54

650 929 876 992 nosorum
909 929 1012 991 non
1045 897 1273 1032 absimili,
1307 919 1355 990 et
1384 931 1470 1025 pro
1503 920 1636 1026 parte
1671 931 1726 989 cx
1752 895 1995 1020 aliquibus
2026 899 2160 1026 cysti-
2205 949 2211 958 ·

650 1055 790 1148 dibus
811 1056 1058 1166 formatus;
1075 1054 1315 1183 ,sanguine
1340 1087 1516 1178 aquoso
1544 1055 1758 1180 repletus.
1794 1055 2005 1147 Aderant
2029 1055 2158 1147 nervi

650 1211 819 1338 optici,
856 1210 1116 1339 trigemini,
1148 1210 1628 1341 glossopharyngeus,
1657 1243 1744 1336 par
1770 1244 1960 1339 vagum,
1991 1243 2162 1304 nervus

651 1365 951 1494 hypoglossus
970 1369 1108 1482 ;‚‚sed·
1135 1399 1299 1460 omnes
1323 1367 1389 1458 *hi
1432 1369 1561 1460 nervi
1600 1366 1758 1495 gracili
1797 1400 1851 1458 ac
1889 1341 2035 1476 libere
2074 1367 2162 1458 ori-

649 1524 757 1651 gine
785 1524 835 1612 in
860 1523 958 1615 basi
976 1524 1124 1617 cranii
1150 1523 1457 1649 incipiebant
1493 1522 1704 1623 Medulla
1724 1521 1939 1649 spinalis,
1971 1522 2162 1615 tenuior

651 1677 773 1770 mihi
808 1679 902 1770 visa
927 1713 980 1770 ac
1016 1677 1269 1810 involucris
1300 1678 1594 1772 densioribus
1620 1678 1825 1792 amicta,
1860 1709 2023 1770 nervos
2047 1709 2162 1770 cras

650 1866 722 1926 sos
750 1834 1007 1962 emittebat.
1043 1813 1424 1962 Sympatheticus
1442 1865 1641 1962 magnus
1660 1833 1797 1928 nullo
1817 1833 1960 1934 modo
1988 1867 2016 1925 a
2034 1854 2161 1925 statu

650 1988 788 2082 solito
816 1990 1095 2105 recedebat,
1131 1991 1210 2082 sed
1251 1989 1431 2113 ubique
1461 1991 1692 2119 perlectus
1720 1990 1814 2083 fuit
1850 2023 1904 2082 ac
1937 1990 2163 2082 omnibus

651 2148 865 2272 partibus
897 2146 1118 2273 expletus.
1171 2237 1174 2244 .

724 2297 764 2422 §L
802 2301 887 2394 68.
944 2304 1159 2395 Eandem
1197 2334 1296 2394 rem
1337 2303 1648 2397 animadverti
1684 2303 1736 2397 in
1779 2304 1895 2396 soetu
1929 2302 2162 2396 feminino

654 2459 865 2573 acranio,
896 2459 1084 2588 cyclope
1111 2481 1158 2551 et
1191 2460 1387 2552 naribus
1418 2461 1745 2584 destituto„c't
1776 2460 1910 2586 cujus
1938 2459 2164 2584 encepha-

652 2615 736 2726 lon
762 2617 977 2738 sequenti
999 2616 1141 2708 modo
1169 2638 1268 2708 erat
1296 2640 1636 2744 comparatum.
1672 2616 1969 2711 Cerebellum
1996 2638 2043 2709 et
2069 2649 2165 2740 me

649 2765 785 2876 ,dulla
811 2771 1061 2900 oblongata
1096 2772 1147 2864 in
1178 2795 1305 2899 statu
1326 2795 1463 2891 erant
1495 2773 1726 2883 naturali3
1753 2775 1831 2866 sed
1860 2772 1962 2865 loco
1988 2772 2161 2866 cerebri

649 2928 852 3021 nucleus
882 2929 1041 3020 aderat
1064 2931 1318 3046 rotundus,
1349 2930 1623 3057 pisisormis,
1649 2930 1946 3045 medullaris,
1975 2930 2026 3021 in
2050 2929 2165 3020 sacie

653 3119 736 3178 sua
765 3085 992 3211 superiori
1023 3066 1250 3179 umbilico
1277 3087 1518 3215 praeditus,
1542 3088 1828 3181 exinferiori
1854 3088 1972 3180 duos
2002 3117 2167 3178 nervos

654 3243 833 3368 opticos
865 3244 1108 3359 emittens,
1142 3244 1357 3372 graciles,
1395 3245 1711 3358 coadunatos,
1746 3243 2030 3344 inorbitam
2060 3273 2166 3369 pro-

652 3399 931 3526 gredientes,
969 3379 1113 3522 atque
1148 3398 1199 3526 in
1231 3397 1439 3492 bulbum
1471 3399 1597 3492 oculi
1627 3371 1952 3522 finiti,‚qui‚e
1983 3396 2163 3525 duplici

644 3552 790 3680 globo
811 3553 1065 3694 ¹conflatus
1102 3557 1361 3650 videbatur.
1428 3555 1610 3649 Omnes
1648 3559 1844 3650 aderant
1872 3555 2010 3680 ‘neryi
2049 3588 2165 3648 cere-

646 3709 821 3826 ‘bralen
857 3733 1022 3838 praeter
1054 3727 1256 3834 nervum'
1291 3712 1606 3828 olfactorium.

723 3872 765 3986 l.
795 3865 878 3992 69.
913 3847 1136 3992 Denique
1176 3847 1648 3998 truncum,‘ganglia
1668 3891 1732 3974 ¹et
1771 3902 1927 3987 ramos
1961 3869 2165 3997 potiores

653 4045 925 4149 prosecutus
952 4057 1059 4116 sum
1087 4025 1215 4117 nervi
1243 4025 1573 4154 sympathetici
1601 4027 1653 4118 in
1681 4027 1797 4118 foetu
1825 4058 1973 4139 mare,
2002 4025 2164 4117 cranio

653 4200 798 4302 atque
838 4181 1024 4272 cerebro
1056 4169 1252 4286 carente.
1329 4182 1452 4274 Basis
1487 4183 1661 4297 cranii,
1706 4182 1757 4272 in
1798 4181 1886 4274 isto
1930 4181 2163 4307 subjecto,

654 4357 786 4460 parte
827 4358 1008 4462 petrosa
1054 4359 1101 4430 et
1135 4337 1493 4465 :aliquantisper
1540 4359 1673 4466 parte
1712 4365 2011 4461 squammosa
2055 4337 2165 4430 ossis

498 4543 505 4554 ·
654 4513 948 4618 temporum,
989 4514 1036 4585 et
1070 4525 1165 4585 osse
1197 4494 1485 4620 sphenoidco
1519 4497 1744 4609 formata,
1780 4494 1876 4587 sola
1917 4517 2036 4588 tecta
2071 4495 2164 4586 fuit

654 4629 762 4741 cute
794 4648 1023 4784 capillata.
1063 4650 1195 4744 Nulli
1224 4653 1483 4745 adsuerunt
1513 4652 1565 4744 in
1597 4652 1695 4745 basi
1724 4653 1872 4744 cranii
1909 4683 2162 4745 nervorum

654 4805 861 4933 vestigia,
892 4828 1080 4933 excepto
1116 4807 1215 4900 solo
1250 4841 1392 4902 nervo
1416 4811 1607 4937 optim,
1643 4809 1726 4932 qui
1752 4807 1981 4935 graciliori
2022 4807 2163 4898 initio

654 4996 681 5054 a
719 4959 829 5054 sella
868 4964 1045 5054 turcica
1092 4943 1297 5092 incipere
1339 4967 1601 5060 videbatur.
1674 4967 1784 5058 Pars
1829 4987 2011 5091 petrosa
2055 4964 2165 5056 ossis

655 5139 924 5243 temporum
956 5123 1489 5232 meatumauditorium
1518 5122 1793 5215 ostendebat
1821 5120 2028 5214 nullum.
2069 5119 2165 5238 Me

655 5273 785 5400 dulla
830 5274 1024 5400 spinalis
1064 5299 1314 5396 extenuata
1360 5301 1459 5372 erat
1499 5300 1546 5372 ct
1580 5278 1721 5402 ‚quasi
1768 5276 2023 5402 atrophica.
2087 5275 2164 5367 Ab
