5080 6812
1381 617 1444 744 78

663 838 884 968 plicium,
910 869 936 930 e
962 835 1228 961 quibusvis
1250 865 1442 928 nervosa
1471 834 1531 925 ad
1555 864 1727 963 organa
1747 832 1997 927 emittitur.
2035 833 2180 928 Diffe-

666 995 818 1086 rentia
856 993 1124 1087 anatomica
1162 991 1287 1085 inter
1329 1022 1495 1084 nervos
1537 991 1791 1118 organicos
1833 1011 1978 1114 atque
2017 1023 2183 1085 nervos

666 1145 921 1264 animales,
969 1148 1232 1245 secundum
1270 1145 1478 1272 ejusdem
1514 1146 1992 1264 auctoris-mentem,
2035 1147 2087 1238 in
2125 1180 2180 1240 eo

668 1306 901 1420 consistit,
927 1305 1056 1428 quod
1084 1303 1135 1394 hi
1165 1303 1367 1394 unicum
1396 1303 1615 1396 centrum
1647 1324 1931 1431 agnoscunt,
1960 1304 2092 1427 quod
2114 1327 2183 1398 est

668 1456 938 1566 cerebrnm;
959 1458 1031 1551 illi
1055 1491 1185 1572 vero,
1210 1479 1367 1551 centra
1394 1491 1669 1574 numerosa,
1694 1490 1798 1583 quae
1820 1480 1936 1552 sunt
1950 1455 2181 1588 ganglia:

668 1639 741 1710 tot
775 1618 918 1744 igitur
945 1647 1114 1710 nervus
1153 1612 1460 1709 intercostalis
1488 1615 1710 1742 praeditus
1741 1636 1810 1708 est
1837 1615 2031 1730 centris,
2063 1636 2184 1738 quot

670 1775 766 1900 ipse
801 1771 944 1865 habet
981 1770 1177 1900 ganglia.
1226 1771 1335 1863 Haec
1368 1805 1456 1898 ope
1494 1771 1791 1865 ramulorum
1832 1770 1957 1864 inter
1991 1805 2038 1865 se
2082 1801 2185 1862 nec-

670 1951 867 2043 tuntur,
895 1951 943 2021 et
975 1925 1218 2024 funiculus
1247 1926 1347 2041 ille,
1373 1927 1457 2051 qui
1486 1952 1686 2021 truncus
1713 1927 1842 2019 nervi
1877 1926 2184 2020 intercostalis
2237 1991 2240 1998 ,

561 2201 562 2206 Ν
671 2083 970 2198 nominatur,
990 2115 1152 2175 revera¹
1165 2115 1324 2176 ramus
1352 2106 1419 2178 est
1438 2083 1830 2197 anastomoticus,
1858 2082 1983 2176 inter
2000 2081 2183 2210 singula

671 2238 854 2368 ganglia
888 2239 1140 2332 extensus.¹
2092 2231 2094 2238 ¹

743 2396 852 2487 Jam
888 2395 1064 2521 pluries
1095 2395 1276 2509 notavi,
1315 2394 1616 2488 vehementer
1647 2428 1798 2489 errare
1827 2393 2184 2489 celeberrimum

671 2547 866 2662 Biclzat,
900 2584 1053 2675 quum
1086 2572 1317 2644 truncum
1353 2550 1824 2646 nerviintereostalis
1850 2571 2086 2673 tanquam
2119 2582 2187 2642 ra·

675 2740 814 2800 mum
847 2707 991 2800 habet
1023 2707 1490 2823 communicantem,
1522 2742 1630 2800 casu
1659 2709 1799 2831 'quasi
1830 2706 2027 2799 fortuito
2063 2707 2187 2797 inter

675 2863 968 2992 gangliorum
995 2863 1159 2955 seriem
1180 2863 1415 2988 positum,
1444 2888 1490 2968 et
1518 2863 1814 2957 subtiliorem
1841 2862 2016 2954 adduxi
2041 2860 2188 2953 admi-

677 2991 1005 3111 nistrationem
1034 3019 1375 3136 anatomicam,
1405 3052 1501 3144 qua
1532 3023 1788 3115 monstravi
1827 3023 1971 3114 istum
2002 3019 2188 3111 funicu-

677 3172 780 3264 lum
816 3172 888 3266 vel
920 3153 1103 3302 ganglia
1139 3175 1393 3300 trajicere,‘
1412 3177 1483 3269 vel
1520 3178 1684 3270 iisdem
1722 3176 2024 3292 accumbere,
2055 3174 2186 3266 haud

675 3361 783 3422 vero
796 3361 887 3422 esse
906 3329 1253 3456 interruptum,
1273 3330 1344 3423 vel
1363 3333 1589 3460 esingulo
1613 3332 1817 3461 ganglio,
1838 3365 1959 3426 nova
1979 3332 2187 3455 quadam

677 3485 876 3614 origine,
912 3507 1122 3618 enatum.
1183 3487 1351 3602 Nunc,
1385 3490 1515 3613 quod
1548 3491 1607 3582 ad
1642 3522 1785 3582 usum
1823 3489 1979 3616 ipsum
2015 3487 2189 3580 attinet

675 3641 869 3771 gangliis
886 3641 1201 3767 adscriptum,
1226 3643 1369 3737 nimis
1385 3644 1686 3773 singulatim,
1712 3666 1769 3739 ut
1791 3645 1855 3738 ita
1877 3645 2057 3757 dicam,
2075 3670 2187 3735 eum

679 3798 987 3890 consideravit
1021 3791 1216 3907 Biehat,
1256 3830 1341 3890 nec
1369 3801 1479 3894 satis
1514 3819 1747 3924 tanquam
1782 3821 1941 3893 totum
1974 3832 2028 3891 ac
2069 3797 2189 3890 indi·

606 4043 607 4046 ,
676 3953 830 4045 visum
860 3971 1164 4078 apparatum;
1188 3952 1401 4082 partium
1429 3955 1742 4085 singularium
1772 3956 1905 4048 istius
1929 3954 2188 4084 systematis

677 4110 800 4222 vim,
827 4141 993 4222 usum,
1023 4109 1313 4225 functiones,
1344 4112 1523 4238 optime
1551 4112 1806 4240 perspexit,
1837 4114 1915 4205 sed
1940 4113 1998 4204 ad
2028 4133 2185 4203 totum

678 4297 780 4356 non
820 4263 931 4355 satis
970 4265 1256 4389 respiciens:
1297 4298 1395 4390 quo
1441 4269 1620 4361 sactum
1664 4290 1763 4382 est,
1812 4291 1867 4360 ut
1908 4267 2186 4396 dignitatem

680 4419 881 4546 cujusvis
908 4419 1080 4548 ganglii
1118 4421 1262 4514 nimis
1295 4422 1524 4517 extulerit
1566 4425 1616 4518 Si
1647 4457 1800 4517 revera
1825 4423 2007 4553 ganglia
2037 4443 2187 4514 essent

680 4597 838 4668 centra
872 4596 1016 4699 atque
1048 4577 1137 4669 soci
1167 4579 1235 4672 vis
1271 4612 1493 4696 nervosae,
1531 4614 1638 4695 cur,
1672 4613 1851 4704 quaeso,
1885 4601 2055 4672 natura
2085 4573 2185 4670 fieri

679 4717 882 4824 curasset
912 4753 984 4824 tot
1024 4732 1267 4828 tubercula
1301 4745 1527 4852 nervosa,
1550 4770 1675 4862 quae,
1702 4740 1827 4832 sicut
1851 4733 2185 4830 hordeisormia

681 4887 904 5002 thoracis,
927 4887 1069 5016 plane
1097 4891 1254 4986 nullos
1272 4892 1343 4985 vel
1365 4893 1635 4989 exilissimos
1659 4895 1943 5024 impertiunt
1973 4891 2187 5024 partibus

727 5245 736 5276 '
760 5239 952 5308 Anatomie
971 5247 1152 5334 generale,
1178 5255 1260 5312 tom.
1283 5273 1318 5335 1,
1340 5273 1377 5334 p.
1397 5271 1480 5336 tra,
1506 5255 1582 5314 ωδ.
