5080 6812
1108 707 1172 830 73

430 1061 716 1173 sncno
760 1059 1134 1190 securim.
1163 1122 1207 1154 ..
1241 989 1853 1173 rarsrotooroA.

831 1357 1456 1398 mmmmm

458 1614 498 1730 §.
523 1641 605 1736 90.
644 1612 814 1730 Quum
842 1642 1012 1704 nervus
1047 1610 1354 1705 intercostalis
1383 1611 1683 1738 potissimum
1706 1604 1900 1737 gangliis

387 1765 638 1893 insignitus
678 1770 739 1862 sit
776 1769 1072 1882 numerosis,
1115 1763 1216 1861 fieri
1255 1799 1354 1859 non
1391 1789 1570 1895 potest,
1617 1766 1739 1889 quin
1786 1795 1898 1857 cum

384 1919 700 2050 physiologico
737 1944 941 2026 tractatu
984 1923 1116 2014 istius
1155 1924 1284 2015 nervi
1332 1924 1579 2049 opiniones
1620 1921 1897 2048 jungamuS,

386 2107 503 2197 quas
536 2076 784 2170 clarissimi·
806 2079 893 2169 viri
927 2077 1046 2168 circa
1080 2076 1376 2206 gangliorum
1407 2110 1550 2170 usum
1581 2075 1897 2203 protulerunt.

384 2229 544 2324 Placet
588 2232 719 2325 enim
763 2233 1018 2359 praecipuas
1065 2233 1276 2324 virorum
1321 2233 1648 2359 praestantium
1696 2232 1900 2325 rationes

385 2386 549 2478 audire
586 2386 825 2513 primum,
863 2386 975 2478 dein
1003 2385 1239 2500 refellere,
1275 2389 1388 2511 quia
1409 2381 1586 2479 'eadem
1618 2420 1755 2514 opera
1789 2384 1899 2512 plus

383 2539 502 2631 lucis
536 2542 716 2634 accedit
745 2543 811 2656 ei,
843 2573 948 2665 quae
980 2572 1113 2634 nunc
1142 2542 1346 2655 obtinet,
1381 2545 1642 2660 sententie,
1677 2543 1809 2637 novis
1843 2574 1897 2635 ac

381 2694 526 2821 plane
557 2695 717 2788 solidis
746 2697 1035 2825 argumentis
1069 2696 1371 2790 stabiliendae.

453 2857 596 2978 §.91.
641 2849 903 2947 Willisius¹
936 2853 1272 2981 generaliorem
1300 2854 1474 2947 habuit
1502 2855 1657 2946 ideam
1684 2855 1742 2946 de
1767 2855 1899 2945 func-

382 3007 514 3103 tione
545 3005 592 3102 et
625 3042 714 3103 usu
750 3011 880 3102 nervi
919 3009 1251 3126 intercostalis,
1289 3031 1433 3134 atque
1470 3011 1643 3103 recenti
1678 3009 1897 3137 opinioni

381 3164 479 3291 jam
499 3166 609 3257 satis
628 3166 1046 3257 accommodatam.
1072 3166 1155 3258 Ait
1175 3198 1368 3293 nempe,
1395 3198 1595 3260 nervum
1617 3167 1762 3258 istum
1779 3165 1898 3292 posi·

382 3343 489 3446 tum
509 3353 601 3412 esse
620 3320 743 3411 inter
759 3315 944 3412 cerebri
957 3338 1210 3449 conceptus
1228 3337 1274 3412 et
1282 3315 1661 3451 praecordiorum
1678 3317 1896 3438 affictus,

383 3507 595 3567 necnon
623 3475 748 3598 inter
778 3475 988 3582 actiones
1008 3476 1348 3605 passionesque
1374 3477 1466 3569 fere
1497 3479 1718 3570 omnium
1750 3478 1897 3569 totius

382 3631 588 3758 corporis
605 3627 841 3755 partiuni,
870 3661 975 3753 quae
993 3630 1054 3722 ad
1081 3629 1380 3724 functionem
1401 3631 1773 3726 involuntariam
1797 3666 1897 3758 per-

379 3788 568 3902 tinent,
606 3818 755 3909 eoque
787 3782 912 3902 fieri,
951 3806 1008 3880 ut
1050 3786 1175 3880 inter
1210 3808 1435 3911 utrosque
1470 3820 1721 3882 consensus
1751 3809 1895 3912 atque

382 3944 721 4036 commercium
757 3975 905 4066 quam
936 3944 1216 4036 citissimum
1248 3945 1518 4040 intercedat.
1561 3943 1763 4073 Ganglia
1798 3948 1895 4071 ipsa

279 4093 282 4100 ’
380 4121 614 4222 tanquam
633 4099 789 4191 >nodos
818 4098 1010 4211 habuit,
1038 4099 1093 4191 iis
1114 4101 1166 4228 in
1189 4102 1381 4194 caudice
1400 4101 1576 4195 arboris
1601 4084 1895 4194 frutescentis

379 4254 576 4370 similes,
606 4256 657 4348 in
694 4254 871 4378 quibus
905 4253 1238 4348 diverticulum
1275 4259 1607 4349 concederetur
1637 4257 1893 4385 spiritibus.

451 4415 492 4531 §.
519 4441 601 4536 9²·
644 4410 703 4503 V
697 4409 1000 4524 r'eusseaius²,
1047 4411 1117 4507 W
1117 4407 1310 4504 illrsium
1339 4437 1547 4529 secutus,
1583 4446 1783 4506 nervum
1824 4415 1895 4506 in·

352 4565 670 4668 ‚tereostalem
701 4588 935 4690 tanquam
965 4567 1180 4660 medium
1213 4569 1495 4686 considerat,
1524 4601 1621 4691 quo
1650 4572 1769 4663 ratio
1797 4572 1895 4663 red·
1987 4691 1989 4694 Ι

379 4721 511 4813 ditur
548 4721 741 4848 insignis
768 4723 1045 4856 sympathiae
1079 4756 1184 4848 quae
1214 4725 1338 4817 inter
1370 4725 1612 4816 cerebrum
1643 4747 1690 4817 et
1723 4727 1893 4819 viscera

379 4875 523 4969 medii
555 4877 736 5000 imique
766 4880 941 4971 ventris
973 4879 1187 4973 habetur.
1218 4859 1354 4978 ¹Non
1386 4878 1541 4972 solum
1574 4881 1689 4974 varii
1717 4884 1892 4977 cerebri

425 5098 433 5125 ¹
460 5098 653 5159 Nerrorum
675 5095 860 5179 descriptio
883 5105 916 5160 et
936 5116 1035 5178 usus,
1055 5118 1128 5181 cap.
1155 5099 1285 5182 XXVI,
1318 5117 1423 5183 opera
1445 5100 1573 5164 omnia.
1603 5103 1763 5192 Genera,
1787 5106 1891 5189 1695,

376 5209 499 5294 int-⁰,
522 5218 602 5274 tom.
626 5232 660 5295 r,
683 5211 761 5296 pag.
782 5216 854 5292 ¹³7·

423 5326 436 5356 ³
460 5327 698 5412 Neurogreph.
721 5325 889 5406 univera5
913 5324 976 5388 lib.
993 5329 1012 5391 3
1024 5369 1035 5411 ,
1062 5328 1104 5392 de
1121 5327 1254 5415 nervis,
1276 5349 1349 5413 cap·
1366 5332 1406 5398 V.

1500 5476 1560 5534 10
