5080 6812
1061 743 1144 866 ‚37

368 955 556 1090 tigator,
592 953 656 1049 H.
686 955 741 1052 F.
771 951 981 1074 Kilztzw,
1024 953 1294 1050 Jacobsonii
1338 952 1663 1084 inventionem
1714 945 1875 1042 critico

264 1128 270 1142 '
366 1111 573 1206 examini
592 1091 846 1230 submisit,
877 1135 950 1230 et,
985 1112 1215 1206 institutis
1249 1109 1627 1223 dissectionibus,
1659 1124 1875 1244 expertus

367 1289 458 1383 est,
479 1268 732 1362 nervulum
750 1304 777 1363 a
794 1269 1225 1399 glosso-pharyngeo
1246 1268 1536 1396 productum
1550 1261 1803 1387 aliquoties
1823 1260 1876 1350 in

314 1475 317 1482 ·
369 1447 658 1554 tympanum
680 1426 942 1551 pervenire,
971 1423 1265 1550 frequentius
1290 1420 1627 1546 insubstantia
1650 1420 1747 1547 ipsa
1768 1416 1877 1510 ossis

369 1581 541 1708 petrosi
574 1577 734 1696 finire,
770 1614 1027 1707 nunquam
1052 1612 1162 1704 ¹vcro
1195 1612 1336 1674 nervo
1362 1578 1569 1673 Vidiano
1585 1570 1877 1702 ,superficiali

372 1734 588 1828 associari
600 1775 612 1846 ;
633 1735 824 1828 hiatum
843 1736 1044 1864 Fallopii
1064 1768 1246 1863 semper
1268 1767 1359 1828 esse
1384 1731 1665 1861 simplicem,
1688 1749 1736 1823 et
1754 1758 1878 1820 nun·

374 1922 521 2014 quam
548 1893 600 1984 in
621 1913 712 1986 tres
730 1892 1014 1986 canaliculos
1032 1926 1118 2020 pro
1144 1891 1421 2020 recipiendis
1447 1888 1598 1983 tribus
1623 1883 1879 1980 filamentis

343 2173 345 2178 Ι
374 2021 576 2142 nervosis
604 2080 698 2140 esse
729 2048 933 2142 divisum
945 2087 958 2159 ;
991 2083 1017 2140 e
1051 2080 1193 2142 nervo
1226 2044 1566 2175 sympathetico
1599 2041 1757 2136 nullos
1782 2070 1880 2134 sur-

375 2202 505 2296 culos
544 2226 830 2332 tympanum
875 2203 1080 2322 intrare,
1122 2205 1203 2298 sed
1242 2201 1426 2326 aliquos
1462 2201 1521 2296 ad
1563 2195 1879 2328 substantiam

376 2390 552 2454 osseam
583 2359 731 2486 ipsam
762 2363 1034 2488 pertinere.

447 2519 489 2633 §
528 2507 607 2606 50.
658 2514 799 2612 Novis
840 2519 984 2642 atque
1018 2517 1180 2613 arduis
1212 2514 1620 2639 disquisitionibus
1665 2513 1880 2628 edoctus,

223 2747 227 2758 .
375 2667 620 2792 sequentia
656 2669 777 2762 circa
809 2672 1122 2766 Jacobsonii
1109 2694 1361 2765 rnventum
1395 2669 1567 2763 notari.

450 2823 705 2941 Ramulus,
737 2861 763 2918 a
792 2828 977 2957 ganglio
1009 2828 1218 2922 cervicali
1246 2828 1402 2955 primo
1429 2823 1681 2921 ascendens
1705 2817 1776 2946 (§.
1802 2822 1881 2942 8),

377 2980 448 3074 vel
472 3015 497 3073 e
520 2983 848 3111 sympatbetici
874 3006 1045 3080 trunco
1072 3008 1185 3081 ante
1214 2984 1547 3078 formationem
1573 2980 1761 3111 ganglii¹
1778 3011 1885 3073 ena·

284 3137 286 3142 ’
373 3157 483 3253 tue,
509 3139 758 3264 proprium
792 3141 1004 3236 foramen
1033 3127 1206 3256 intrat,
1224 3142 1297 3234 'ad
1323 3138 1499 3234 canalis
1526 3137 1713 3232 carotici
1743 3134 1886 3230 flexu·

380 3325 482 3386 ram
520 3293 727 3420 primam
770 3295 930 3389 situm.
987 3295 1113 3390 lllud
1151 3298 1212 3390 ad
1251 3297 1463 3392 canalem
1504 3294 1637 3390 ducit
1668 3292 1770 3424 ¹ossi
1818 3293 1887 3384 in-

377 3447 621 3574 sculptum
638 3471 686 3541 et
703 3452 945 3545 ramulum
963 3437 1241 3580 praedictum
1263 3451 1577 3580 recipientem.
1598 3451 1688 3543 Hic
1705 3480 1887 3574 semper

379 3604 507 3696 inter
543 3634 719 3698 osseam
758 3607 1073 3728 substantiam
1109 3641 1286 3735 repens*
1312 3607 1363 3701 in
1402 3609 1521 3742 duos
1551 3603 1762 3700 surculos
1800 3598 1888 3695 fin·

381 3759 513 3853 ditur
537 3791 565 3850 a
595 3761 879 3888 seinvicem
913 3763 1222 3892 divergentes,
1255 3796 1463 3887 quorum
1492 3761 1639 3894 prior,
1673 3757 1887 3890 gracilior

378 3937 526 4039 atque
571 3917 797 4034 anterior,
834 3918 885 4011 in
921 3917 1168 4014 caritatem
1206 3918 1425 4047 tympani
1459 3934 1721 4045 penetrat,
1743 3946 1885 4042 supra

381 4072 766 4198 promontorium
803 4074 1043 4191 decurrit,
1086 4073 1248 4199 ibique
1286 4106 1399 4166 cum
1441 4070 1628 4169 ramulo
1667 4103 1694 4166 a
1746 4103 1888 4164 nervo

383 4247 568 4354 petroso
609 4227 819 4357 ablegato
857 4229 1175 4372 conjungitur.
1231 4229 1384 4344 Alter,
1422 4227 1567 4371 paulo
1607 4195 1849 4362 fortior,
1837 4256 1889 4319 ιιι

383 4413 508 4474 osseo
542 4381 694 4474 canali
729 4417 883 4523 versus
910 4386 1213 4514 posteriorem
1243 4384 1460 4515 tympani
1494 4406 1676 4524 partem
1711 4351 1889 4498 tendit,

382 4557 528 4661 atque
558 4570 670 4630 cum
701 4538 793 4632 alio
822 4575 848 4635 e
874 4542 1144 4676 supradicto
1173 4541 1303 4634 nervi
1332 4539 1502 4668 petrosi
1535 4537 1722 4632 ramulo
1752 4571 1893 4669 copu-

378 4691 522 4792 latur.
559 4695 629 4786 Ex
659 4727 711 4789 ea
732 4689 1043 4824 copulatione
1066 4691 1218 4791 oritur
1248 4729 1428 4811 ramus,
1455 4694 1539 4869 qui
1566 4673 1891 4822 perforamen

278 4929 283 4934 .
386 4823 676 4975 receptaculo
725 4853 854 4946 nervi
909 4852 1084 4982 glosso-
1092 4853 1349 4983 pharyngei
1397 4850 1609 4944 ricinum
1661 4849 1894 4980 egreditur

385 5025 529 5126 atque
562 5003 637 5097 isti
671 5039 812 5099 nervo
843 5007 1147 5101 inosculatur.

434 5231 720 5308 'Anatomiselrc
750 5239 1024 5364 Untertuclrung
1047 5241 1135 5308 iiber·
1162 5240 1227 5310 das
1251 5244 1381 5306 neunte
1404 5233 1733 5321 Hirnnerrcnpaar·
1767 5233 1896 5310 Pesth

392 5345 767 5444 atra,m-·⁰4·.,p71,
788 5365 912 5441 etseq
