5080 6812
1032 847 1126 952 DE

280 1235 734 1436 ,uuum
832 1213 1839 1412 sruruuuurtct

895 1683 1285 1818 HUMANI

464 2017 892 2226 rentum,
952 2073 1129 2193 usu
1182 2021 1722 2192 ernostus.
1911 2089 1922 2108 ·

854 2485 1343 2521 mmmm

546 2859 806 2986 securo
850 2858 1111 2957 rurus:
1140 2813 1653 3016 Autronius

832 3143 1052 3232 eurur
1088 3091 1362 3231 pontu.

480 3357 665 3496 Nervi
690 3353 1069 3501 sympatlretici
1101 3355 1383 3498 descriptio
1429 3353 1706 3504 generalis.

346 3607 388 3724 §.
407 3632 445 3694 1.
466 3541 687 3724 Lsreur
715 3601 767 3692 in
803 3599 957 3692 canali
989 3599 1214 3714 corotico,
1236 3631 1376 3726 super
1409 3583 1564 3724 atque
1591 3603 1710 3693 circa
1743 3623 1857 3695 arte-
2042 3609 2046 3620 '

288 3729 290 3734 Ι
349 3760 488 3864 riam,
509 3758 790 3872 carotidem‚
828 3756 1005 3848 surculi
1043 3756 1310 3871 tenerrimi,
1357 3757 1509 3849 nervis
1548 3757 1858 3851 cerebralibus

348 3915 539 4040 juncti,
579 3915 663 4038 qui
705 3912 791 4040 pro
813 3912 975 4005 initio
1010 3946 1092 4006 seu
1134 3912 1312 4040 origine
1357 3914 1486 4006 nervi
1529 3912 1858 4044 sympathetici

350 4071 503 4164 babiti
533 4070 740 4163 suerunt.
1397 4173 1399 4177 ,

386 4209 701 4350 ‘Antequam
748 4199 1009 4358 Meckclius.
1041 4257 1243 4320 nervum
1287 4225 1550 4320 Vidianum
1589 4249 1861 4354 prosecutus
2000 4327 2003 4336 ,

355 4403 475 4497 erat,
504 4405 647 4506 atque
677 4381 921 4475 ramulum
955 4382 1209 4497 detexerat,
1242 4382 1539 4509 profundum
1569 4383 1620 4476 in
1648 4383 1860 4477 canalem

356 4539 613 4631 coroticum
653 4540 964 4669 migrantem,
1010 4573 1036 4631 a
1072 4561 1198 4632 sexto
1240 4537 1459 4632 cesebreli
1500 4572 1611 4666 pere
1650 4539 1749 4632 solo
1790 4540 1864 4672 de-¹

356 4695 594 4788 ducebant
640 4694 897 4790 anatomici
939 4725 1140 4788 nervum
1190 4716 1409 4788 nostrum
1451 4695 1862 4824 sympathetic'um.

356 4852 466 4945 Post
502 4847 783 4944 Meoleelium
824 4884 932 4945 vero
970 4851 1211 4980 duplicem
1250 4851 1477 4980 originem
1518 4885 1600 4945 seu
1639 4853 1756 4947 duas
1798 4885 1866 4946 ra-

358 5007 480 5102 dices
513 5030 804 5136 egnoverunt
832 5030 1064 5124 auctores,
1086 5043 1124 5142 ¹e
1156 5008 1328 5132 quinto
1356 5039 1528 5135 nempe
1561 5029 1705 5134 atque
1738 5033 1869 5104 sexto

360 5166 532 5259 cerebri
559 5199 714 5259 nervo.
751 5164 975 5260 Substitit
1003 5165 1055 5259 in
1078 5165 1247 5260 scholis
1272 5165 1368 5258 haec
1403 5166 1693 5278 describendi
1725 5143 1864 5282 ratio,

361 5354 509 5446 usque
540 5324 670 5420 dum:
693 5323 934 5418 hodiernis
970 5323 1263 5451 temporibus
1298 5321 1494 5417 initium
1531 5324 1664 5416 nervi
1687 5355 1875 5452 sympe·

1514 5511 1532 5568 1
