5076 6816
975 727 979 740 .
1096 649 1192 746 ¹·⁰9

386 865 648 946 nervosum.
669 835 962 960 Neutiquam
980 829 1582 962 vero'actiosympatbetica
1602 833 1732 927 nervi
1747 832 1893 926 nostri

385 989 693 1084 intercostalis
720 992 844 1085 intra
868 993 1138 1087 abdominis
1156 988 1506 1115 circumscripta
1529 1009 1597 1081 est
1620 989 1891 1098 cavitatem,

382 1141 545 1260 latius,
590 1180 616 1238 e
654 1150 909 1263 contrari0,
945 1149 1091 1276 viget,
1132 1170 1275 1278 atque
1314 1168 1467 1275 partes
1511 1145 1690 1238 dissitas
1729 1145 1890 1237 stricto

382 1301 574 1394 vinculo
610 1304 733 1398 inter
761 1339 808 1397 se
839 1307 997 1400 nectit.

454 1457 666 1552 Plurima
695 1461 932 1555 enimvero
958 1463 1196 1554 numerari
1223 1455 1758 1588 possuntphaenomena
1786 1487 1890 1548 eon-

379 1609 641 1750 sensualia,
662 1648 766 1740 quae
782 1617 1120 1746 sympathiam,
1136 1650 1427 1711 enervorum
1446 1613 1727 1722 commercio
1745 1634 1889 1734 atque

381 1765 684 1863 intricatione
700 1772 978 1889 oriundam,
999 1774 1217 1900 probant.
1247 1767 1547 1864 1.⁰Titillatio
1568 1769 1760 1862 narium
1778 1789 1890 1859 ster·

379 1923 682 2019 nutationem
708 1950 886 2042 movet,
919 1929 1031 2052 quia
1065 1929 1193 2021 nervi
1223 1926 1399 2020 nasales
1422 1923 1594 2054 ganglii
1629 1923 1888 2049 sphenopa·

378 2075 545 2197 latini,
592 2084 830 2176 mediante
871 2084 1077 2176 Vidiano
1120 2084 1359 2210 profundo
1399 2101 1542 2205 atque
1579 2075 1884 2204 superficiali,

376 2264 490 2325 cum
520 2239 860 2366 sympathetico
905 2239 1174 2332 cobaerent:
1209 2272 1235 2331 e
1273 2225 1370 2362 quo
1405 2235 1568 2363 plexus
1607 2221 1765 2362 oritur.
1791 2235 1885 2346 dia-

374 2388 750 2518 phragmaticus,
785 2409 1067 2486 cum'nervo
1100 2394 1329 2520 phrenioo
1361 2389 1644 2483 anastomosi
1676 2389 1881 2514 junctus.

377 2531 444 2635 2.⁰
465 2547 632 2638 Vivida
661 2547 755 2639 lux·
774 2548 939 2639 itidem
963 2548 1358 2640 sternutationem
1383 2545 1627 2673 producit,
1658 2547 1771 2667 quia
1797 2547 1882 2642 im-

373 2700 544 2826 pressio
572 2736 598 2793 a
625 2703 776 2796 retina
800 2724 1040 2828 percepta,
1067 2724 1212 2826 atque
1237 2703 1401 2807 eodem
1432 2721 1677 2792 momento
1701 2701 1759 2791 ad
1782 2734 1882 2798 ner-

233 2955 237 2964 ,
373 2886 453 2948 vos
471 2856 648 2950 ciliares
663 2839 909 2972 translata,
927 2892 1015 2985 ope
1028 2859 1146 2951 rami
1166 2857 1394 2952 nasaliset
1412 2855 1704 2980 reliquorum
1723 2887 1881 2948 nervo

371 3019 483 3104 rum
508 3014 743 3106 nasalium
772 3014 932 3137 quinti
953 3013 1100 3140 paris,
1127 3044 1269 3106 nervo
1297 3011 1638 3141 sympathetico
1663 3012 1878 3124 traditur.

289 3273 294 3282 ‚
377 3164 443 3260 3.⁰
467 3167 787 3263 Anastomosis
820 3153 949 3262 nervi
985 3170 1132 3263 nostri
1161 3202 1272 3261 cum
1306 3169 1479 3293 quinto
1509 3167 1610 3294 pari
1643 3169 1877 3282 rationem

373 3326 525 3419 reddit
545 3325 755 3448 stridoris
781 3324 1000 3419 dentium
1028 3348 1171 3449 atque
1191 3326 1381 3420 narium
1410 3323 1622 3449 pruritus
1649 3323 1700 3415 in
1720 3325 1877 3448 pueris

349 3469 655 3564 ..verminosis
709 3463 791 3583 42⁰·
812 3466 1035 3561 Calculus
1069 3468 1239 3561 renalis
1268 3466 1340 3560 vel
1374 3466 1606 3593 nephritis
1637 3466 1873 3596 vomitum

366 3659 449 3718 seu
488 3625 579 3718 alia
606 3624 861 3718 ¹ventriculi
899 3625 1201 3717 incommoda
1234 3625 1536 3750 producunt,
1581 3626 1699 3715 dum
1737 3655 1873 3741 causa

367 3781 640 3896 stimulans,
675 3782 727 3873 in
753 3782 897 3875 vesica
920 3781 1120 3897 baerens,
1148 3783 1312 3874 minus
1331 3775 1624 3908 egritudines
1641 3779 1869 3874 stomachi

366 3939 546 4064 excitat.
580 3937 731 4030 Causa
762 3938 813 4028 in
841 3961 1035 4064 promtu
1056 3960 1136 4031 est.
1167 3939 1429 4058 Nervorum
1452 3938 1582 4029 enim
1606 3937 1871 4064 communi-

350 4107 568 4204 cationes
602 4106 747 4234 magis
778 4129 893 4199 sunt
927 4108 1188 4234 conspicuae
1213 4128 1357 4230 atque
1387 4104 1531 4233 magis
1558 4126 1677 4206 sunt
1706 4135 1870 4220 nume-

364 4294 472 4354 rosae
496 4263 620 4364 inter
645 4295 777 4373 renes
797 4284 941 4387 atque
962 4261 1307 4377 ventriculum,
1336 4293 1482 4386 quam
1514 4262 1639 4370 inter
1656 4259 1868 4355 hunc·et

257 4475 260 4479 ,
351 4418 585 4546 cystidem
622 4418 895 4517 urinariam.
957 4405 1024 4524 ΒΡ,
1056 4418 1414 4516 Observationes
1450 4415 1901 4524 ‚celeberrimorum-

340 4573 676 4700 .practicorum
709 4575 902 4687 docent,
927 4574 1208 4689 nonnullos,
1244 4575 1438 4698 quando
1463 4571 1590 4682 male,
1614 4605 1661 4682 se
1684 4571 1865 4704 habent

357 4729 657 4846 avisceribus
681 4729 1087 4845 abdominatibus,
1108 4730 1232 4827 visus
1250 4727 1613 4828 obnubilatione
1632 4727 1862 4842 laborare,

356 4884 567 5008 adeoque
597 4877 802 4979 retinam
831 4885 883 4978 in
916 4917 1197 4980 consensum
1227 4863 1394 4998 'trahil
1430 4906 1515 4978 etc.

400 5118 411 5148 ¹
434 5109 633 5194 Lemnius,
650 5117 793 5183 Observ.
814 5120 923 5202 med„
942 5115 1005 5182 lib.
1024 5135 1055 5182 a.
1082 5116 1226 5207 erytt,
1240 5110 1301 5208 Os
1312 5114 1568 5209 the-sympathy
1586 5108 1636 5206 of
1647 5113 1706 5180 the
1722 5131 1857 5190 nerves,

344 5251 381 5313 Ρ·
402 5249 478 5316 499·
628 5239 631 5244 '
1088 5255 1090 5259 ’
1328 5253 1332 5260 ’
1730 5251 1733 5260 ’
