5080 6812
1118 645 1184 764 93

400 852 589 945 nullam
629 853 836 945 ostendit
875 853 1184 948 directionem
1229 849 1483 966 fibrosam,
1523 872 1571 944 et
1610 852 1910 947 surculorum

400 1007 629 1100 fasciculis
662 1031 856 1102 tantum
885 1010 1096 1135 adspersa
1126 981 1323 1101 videtur.

470 1163 606 1256 Sicut
629 1165 681 1256 in
710 1165 861 1258 nervis
883 1165 1196 1259 cerebralibus
1217 1198 1272 1256 ac
1297 1163 1557 1257 voluntatis
1584 1164 1782 1291 imperio
1804 1164 1911 1255 sub

397 1318 554 1445 jectis,
589 1319 654 1412 ita
687 1319 738 1413 in
770 1352 912 1414 nervo
947 1320 1289 1449 sympathetico
1323 1320 1617 1446 principium
1659 1351 1909 1412 nervosum

399 1475 439 1567 it
478 1475 717 1599 reditque,
760 1477 808 1568 id
846 1498 936 1590 est,
961 1512 996 1570 e
1030 1499 1201 1574 trunco
1250 1476 1301 1566 in
1339 1507 1516 1589 ramos,
1564 1496 1611 1567 et
1642 1472 1842 1567 vicissim
1885 1507 1910 1566 e

400 1631 542 1722 ramis
577 1631 629 1723 in
664 1653 917 1746 truncum,
947 1665 1028 1725 seu
1057 1603 1217 1758 potius
1238 1629 1478 1723 celerrimo
1510 1662 1648 1722 cursu
1681 1601 1915 1720 movetur,

408 1779 466 1877 r.⁰
489 1785 620 1881 Nihil
643 1788 816 1902 obstat,
838 1789 1100 1910 quominus
1120 1787 1359 1880 numerosi
1384 1786 1527 1900 rami,
1547 1786 1632 1908 qui
1652 1784 1712 1876 ad
1738 1781 1908 1876 fibram

398 1973 617 2034 carneam
650 1944 860 2035 tendunt
901 1945 1073 2058 cordis,
1108 1943 1384 2056 ventriculi,
1417 1942 1795 2052 intestinorum,²
1816 1940 1910 2034 dia-

395 2096 706 2225 phragmatis,
740 2097 1068 2191 musculorum
1096 2098 1205 2191 colli
1232 2100 1558 2213 anteriorum,
1574 2097 1719 2223 'plane
1744 2097 1906 2189 eadem

397 2253 580 2346 ratione
612 2286 660 2344 se
689 2253 898 2346 habeant
932 2287 987 2346 ao
1015 2255 1143 2348 nervi
1178 2253 1506 2346 musculorum
1534 2241 1769 2345 voluntati
1804 2252 1908 2345 obe-

395 2409 658 2520 dientium,
700 2445 725 2503 e
762 2411 948 2503 cerebro
982 2432 1268 2519 emanantes.
1322 2412 1380 2502 ln
1419 2409 1517 2502 istis
1554 2409 1704 2501 nervis
1735 2407 1907 2534 princi-

392 2563 559 2689 pium,
580 2567 709 2688 quod
732 2589 890 2656 motus
908 2565 1100 2679 excitat,
1123 2586 1335 2657 etrunco
1353 2541 1650 2691 progreditur
1664 2563 1717 2656 in
1740 2547 1903 2655 ramos.

397 2707 465 2810 αἶ’
486 2719 559 2812 De
582 2705 719 2812 motu
742 2722 1008 2849 retrogrado
1029 2753 1283 2814 nervorum
1308 2717 1782 2848 sympatheticorum,
1808 2751 1906 2809 mo

393 2875 464 2970 tui
491 2891 742 2969 nervorum
765 2875 1076 2971 cerebralium
1097 2875 1423 2988 assimilando,
1445 2895 1627 2974 eertum
1651 2872 1903 2988 habemus,

395 3064 549 3150 ramos
571 3062 866 3148 numerosos,
891 3034 1000 3156 qui,
1030 3035 1081 3125 in
1105 3032 1384 3124 membrana
1411 3031 1595 3134 interna
1624 3028 1903 3146 ventriculi,

394 3187 756 3302 intestinorum,
785 3187 1412 3310 drytuum'excretoriorum
1443 3183 1687 3299 finientes,
1710 3215 1902 3278 sensum
1941 3309 1942 3312 Ν

392 3344 730 3437 administrant
752 3344 877 3437 hisce
904 3345 1136 3470 partibus,
1157 3344 1485 3469 impressiones
1501 3363 1703 3467 receptas
1729 3319 1909 3458 (exemJ

391 3499 460 3627 pli
490 3499 659 3628 gratia,
690 3499 742 3590 in
771 3501 906 3591 omni
937 3521 1092 3593 tractu
1121 3499 1484 3616 intestinorum)
1519 3519 1656 3588 motu
1680 3470 1900 3623 praedicto

392 3656 657 3784 retrogrado
681 3657 922 3754 traducere
945 3656 1005 3747 ad
1028 3678 1248 3749 centrum
1272 3654 1491 3779 aliquod,
1519 3655 1641 3747 siout
1655 3629 1720 3745 ¹in
1749 3623 1901 3746 nervis
1957 3744 1958 3747 γ

383 3809 702 3906 -cerebralibus
735 3843 960 3904 sensuum
1001 3813 1184 3940 organis
1216 3812 1407 3921 dicatis3
1445 3845 1498 3904 ea
1538 3809 1733 3933 quidem
1767 3805 1898 3902 diffe-

391 3968 567 4082 tentia,
595 3967 725 4090 quod
757 3967 809 4058 in
834 3989 960 4060 statu
989 3968 1195 4060 naturali
1224 3968 1546 4094 impressiones
1574 3967 1624 4056 in
1645 3965 1895 4068 visceribus

386 4146 509 4218 natae
545 4123 598 4222 in
627 4122 821 4251 gangliis
845 4143 1098 4238 maneant,
1133 4144 1180 4216 et
1212 4124 1265 4217 in
1297 4123 1432 4216 certis
1467 4122 1649 4215 casibus
1677 4142 1895 4232 tantum,

387 4311 499 4372 mox
527 4278 815 4394 indicandis,
836 4280 895 4370 ad
918 4272 1163 4372 cerebrum
1188 4280 1346 4406 ipsum
1365 4277 1644 4392 ascendant,
1668 4297 1811 4398 atque
1835 4275 1896 4368 ab

387 4436 551 4528 eodem
578 4457 804 4563 perceptae
826 4434 1098 4556 notionem,
1127 4436 1343 4560 quamvis
1361 4435 1632 4548 obscuram,
1663 4433 1714 4524 in
1734 4453 1895 4524 mente

386 4594 601 4684 excitent.
651 4594 654 4601 ’
1102 4697 1106 4706 ,

457 4747 834 4844 Numerosissimi
866 4769 1026 4840 autem
1060 4749 1189 4841 nervi
1221 4745 1549 4875 sympathetioi
1584 4744 1714 4838 rami.
1738 4743 1796 4834 ad
1826 4776 1894 4836 ar-

384 4903 521 4996 terias
538 4904 804 5030 pertincnt,
828 4937 902 4997 eas
921 4903 1182 5028 illaqueant
1207 4927 1350 5027 atque
1369 4901 1749 5028 amplectuntur,
1773 4901 1890 4991 dum

382 5058 559 5151 surculi
589 5060 857 5174 tenerrimi,
884 5061 1161 5181 arteriarum
1191 5077 1347 5153 ramos'
1376 5059 1427 5150 in
1453 5090 1622 5186 organa
1645 5057 1892 5177 insequen-

381 5237 467 5331 teS,
507 5216 560 5309 in
599 5248 766 5311 eorum
801 5218 965 5311 tunica
996 5218 1170 5311 extima
1207 5215 1458 5310 finiuntur.
1525 5215 1660 5306 Patet
1694 5210 1888 5322 exinde,

1534 5365 1560 5412 ἡ
