5080 6812
1377 675 1540 780 δυ’

656 906 826 999 madet.
875 902 1069 996 Investit
1103 887 1202 996 haec
1248 903 1527 998 membrana
1564 934 1728 1001 nervos
1767 941 1793 1002 e
1822 913 2017 1041 gangliis
2046 951 2163 1048 egre.

655 1062 856 1174 dientes,
896 1059 1196 1186 potissimum
1239 1058 1322 1150 ubi
1353 1080 1551 1152 truncus
1589 1093 1643 1153 ex
1679 1063 1775 1156 istis
1811 1071 2005 1199 emergit
2030 1111 2042 1166 ε
2071 1077 2160 1191 sic,

646 1203 855 1343 ¹exempli
888 1216 1057 1345 gratia,
1101 1245 1270 1306 nervus
1306 1213 1633 1332 intercostalis‚
1674 1220 1917 1348 eganglio
1950 1230 2160 1324 cervicali

654 1404 875 1500 supremo
919 1370 1104 1486 exiens,
1150 1371 1365 1463 tunicam
1404 1368 1549 1464 hebet
1584 1395 1852 1493 externam,
1894 1411 1989 1504 qua
2032 1405 2160 1482 totus

658 1529 934 1622 includitur.

728 1684 892 1782 Notari
915 1705 1077 1776 tamen
1096 1683 1255 1798 velim,
1283 1681 1408 1775 hanc
1427 1682 1781 1780 involucrorum
1805 1689 2159 1816 dispositionem

658 1844 711 1935 in
735 1840 918 1971 ganglio
948 1838 1155 1934 cervicali
1187 1871 1406 1965 supremo
1437 1862 1630 1934 tantum
1660 1835 1946 1970 deprehendi
1980 1849 2032 1942 in
2060 1872 2159 1944 tota

655 2031 739 2093 sua
773 1997 1073 2124 plenitudine
1082 2034 1095 2104 ;
1132 1997 1320 2088 existere
1357 1996 1514 2089 adhuc
1549 1998 1600 2090 in
1634 2000 1829 2127 gangliis
1861 2005 2161 2102 cervicalibus

654 2150 982 2278 sequentibus5
1013 2153 1176 2244 minus
1208 2151 1395 2277 reperiri
1429 2153 1479 2243 in
1506 2154 1689 2282 ganglio
1718 2156 1953 2252 thoracico
1981 2163 2158 2287 primo,

655 2332 704 2436 et
740 2310 890 2436 plane
931 2305 1124 2402 deficere
1173 2306 1222 2398 in
1268 2307 1460 2435 gangliis
1514 2311 1771 2437 majoribus
1819 2313 1976 2439 plexui
2020 2318 2158 2411 solari

658 2465 952 2591 interspersis.
1005 2461 1206 2591 Ganglia
1247 2462 1550 2556 semilunaria
1600 2465 1691 2557 tela
1730 2467 1949 2562 cellulosa
1994 2473 2158 2565 subtili

658 2622 829 2714 amicta
859 2641 999 2735 sunt,
1035 2620 1112 2710 cui
1138 2617 1400 2710 substantia
1432 2619 1602 2748 ganglii
1633 2625 1763 2715 nuda
1788 2625 2007 2751 subjacet.

729 2783 770 2897 ς.
798 2808 875 2910 79.
914 2775 1095 2876 Ablatis
1114 2796 1275 2868 autem
1301 2774 1595 2903 gengliorum
1620 2778 1894 2895 involucris,
1922 2815 2160 2880 occurrere

660 2915 835 3027 dicitur
865 2931 1126 3024 substantia
1167 2930 1349 3046 mollis,
1398 2965 1604 3048 succosa,
1646 2935 1811 3029 coloris
1847 2935 1963 3030 lutei
1999 2939 2070 3031 vel
2101 2942 2161 3032 ci.

661 3089 812 3222 nerei,
858 3119 962 3212 quae
1000 3085 1196 3213 spatiola
1237 3086 1403 3217 implet
1448 3089 1571 3182 inter
1608 3091 1818 3184 surculos
1849 3125 2036 3187 nerveos
2074 3097 2162 3188 exi.

659 3245 852 3360 stentic,
895 3264 942 3336 et
973 3243 1107 3370 cujus
1139 3275 1227 3369 ope
1259 3274 1511 3336 nervorum
1544 3245 1780 3340 intricatio
1819 3250 1870 3341 in
1907 3249 2161 3378 glomerem

661 3397 860 3496 inflatur
890 3398 1255 3493 tuberculosum.
1301 3398 1410 3490 Haec
1438 3399 1722 3518 substantia,
1756 3433 1861 3527 quoe
1895 3406 2025 3533 juxta
2053 3439 2163 3500 ana·

661 3533 946 3652 tomicorum
978 3578 1121 3678 atque
1157 3551 1537 3682 physiologorum
1574 3558 1813 3650 mentem¹
1851 3559 2057 3686 ejusdem
2095 3563 2163 3656 in-

661 3713 780 3807 dolis
814 3731 907 3826 est,
951 3743 1005 3803 ac
1043 3710 1215 3803 cerebri
1258 3731 1438 3826 cortex,
1493 3713 1755 3808 secundum
1806 3714 2161 3811 celeberrimum
2294 3693 2304 3708 ⁶

651 3865 915 4006 scarpam,
947 3862 1016 3959 nil
1038 3867 1127 3959 nisi
1148 3886 1421 3960 tomentum
1441 3869 1711 3984 constituit,
1737 3870 2049 3988 vasculosum‚
2076 3873 2164 3966 hu-

662 4005 793 4118 more
836 4007 1045 4148 quodam
1081 4044 1259 4115 scatens
1306 4020 1655 4151 mucilaginoso.
1719 4023 2002 4120 Corroborat
2038 4027 2164 4122 hanc

660 4181 943 4274 sententiam
971 4179 1180 4305 ejusdem
1210 4179 1413 4272 auctoris
1443 4179 1722 4296 observatio,
1756 4214 1851 4305 qua
1878 4182 2054 4275 humor
2080 4184 2164 4278 iste

661 4336 866 4428 diversus
889 4335 1118 4461 reperitur
1142 4335 1406 4428 secundum
1435 4335 1746 4429 diversitatem
1766 4338 2044 4431 cadaverum
2068 4377 2079 4430 ε
2100 4339 2165 4434 sic

662 4491 819 4585 tenuis
838 4511 980 4614 etque
997 4521 1198 4614 aquosus
1218 4489 1586 4620 deprehenditur
1604 4490 1656 4582 in
1675 4490 1961 4620 hydropicis,
1985 4493 2166 4587 oleosus

662 4647 714 4738 iu
747 4647 1059 4761 obesioribus‚
1110 4668 1193 4741 etc.
1248 4645 1381 4764 Quid
1417 4647 1475 4743 de
1517 4645 1607 4739 hec
1642 4679 1691 4746 re
1729 4647 2043 4780 judicandum
2077 4651 2165 4764 sit,

660 4800 804 4930 paulo
836 4802 1029 4894 inferius
1059 4834 1305 4929 exponam.
1666 4914 1670 4924 Ι

718 5061 723 5070 ,
734 4963 776 5080 §.
798 4956 878 5050 80.
914 4959 1167 5056 Maceratio
1190 4956 1506 5088 gangliorum,
1538 4959 1589 5056 in
1616 4992 1741 5088 aqua
1767 4960 1965 5087 limpida
1987 4979 2058 5058 sat
2081 4960 2168 5054 diu

713 5203 724 5234 ⁸
752 5196 948 5292 Wimlow,
976 5194 1098 5263 Tralli
1110 5199 1152 5262 de
1170 5201 1208 5264 la
1229 5197 1312 5276 tete,
1334 5201 1363 5286 ς.
1385 5207 1445 5282 ²⁵3
1466 5201 1666 5278 Johnson,
1685 5199 1807 5270 Erraic
1823 5222 1871 5266 on
1895 5201 1951 5268 tte
1969 5222 2029 5264 ure
2052 5195 2102 5293 os
2112 5199 2169 5265 tlte

662 5313 854 5410 gaugliom
880 5309 927 5407 of
942 5313 1000 5379 tte
1017 5335 1157 5396 nemer
1184 5311 1360 5392 Winterl,
1384 5317 1525 5384 Dissert.
1545 5338 1646 5404 prop.
1667 5339 1747 5422 nor.
1765 5319 1928 5384 inflamm
1950 5319 2059 5384 tneor.
