5076 6816
1100 701 1199 802 107

399 895 715 988 nibilominus
749 911 924 1020 perstat
972 891 1175 984 circulus
1214 890 1457 1019 sanguinis
1501 911 1643 1014 atque
1687 916 1902 991 vasorum
1981 893 1985 902 ’

397 1054 532 1145 actio.
582 1050 673 1144 Sed
710 1050 857 1142 facilis
891 1071 990 1142 erat
1027 1048 1263 1173 responsio
1299 1048 1359 1138 ad
1402 1045 1521 1137 illud
1556 1045 1903 1176 argumentum.

406 1200 465 1299 i.⁰
482 1207 532 1302 Si
552 1226 711 1300 motus
733 1205 1018 1334 sanguineus
1038 1203 1276 1331 peragitur
1297 1203 1420 1294 sicut
1443 1225 1582 1295 antea
1610 1205 1660 1295 in
1689 1208 1902 1302 membro

395 1385 593 1492 aegroto,
641 1363 689 1454 id
735 1362 892 1454 solum
929 1394 956 1452 a
1001 1361 1149 1452 cordis
1186 1359 1231 1450 vi
1276 1359 1482 1486 pendet,
1536 1360 1671 1452 nulla
1704 1365 1904 1493 paralysi

397 1521 628 1646 correpti;
663 1521 901 1630 enimvero
943 1515 1187 1609 circulatio
1223 1515 1274 1607 in
1312 1516 1398 1607 reti
1438 1549 1655 1608 vasorum
1695 1520 1904 1645 capillari

395 1688 578 1804 semper
608 1709 719 1768 cum
751 1675 959 1799 quadam
992 1672 1202 1766 molestia
1238 1669 1511 1799 perficitur:
1541 1675 1670 1794 quod
1698 1677 1906 1801 probant

395 1833 542 1959 partis
576 1830 749 1925 affectae
786 1830 1025 1957 atrophia,
1067 1829 1331 1922 humorum
1361 1830 1615 1957 stagnano,
1655 1834 1905 1948 oedemata‚

397 1988 523 2080 calor
562 1989 870 2102 imminutus,
900 2009 984 2079 etc.
1030 1971 1095 2078 2.⁰
1122 1986 1379 2112 Saepissime
1406 1984 1572 2111 pulsus
1606 1987 1657 2078 in
1690 1991 1905 2084 membro

396 2144 653 2274 paralytico
681 2144 881 2237 debilior
909 2142 1287 2269 deprehendetur
1313 2163 1359 2234 et
1380 2143 1542 2232 minus
1569 2143 1739 2259 elatus,
1770 2175 1822 2238 ac
1854 2151 1903 2238 in

396 2336 526 2395 sano.
566 2299 632 2394 3?
659 2304 943 2395 Docuerunt
970 2301 1289 2426 experimenta
1318 2300 1379 2391 ab
1403 2297 1648 2391 Everardo
1675 2301 1829 2396 Home
1853 2307 1904 2400 in

398 2491 513 2552 cane
539 2481 683 2582 atque
713 2456 947 2551 cuniculis
974 2479 1108 2582 capta
1124 2455 1149 2569 ¹,
1175 2454 1462 2582 pulsationes
1485 2459 1661 2549 arteriae
1689 2462 1906 2554 carotidis

396 2614 579 2742 augeri,
603 2605 1094 2706 cum'irritamentur'n
1119 2610 1336 2726 (videndi
1352 2610 1516 2736 gratia,
1538 2611 1677 2704 alkali
1700 2615 1904 2741 purum)

397 2801 539 2861 nervo
564 2767 845 2895 applicitum
872 2769 1013 2871 fuerit
1038 2765 1392 2894 sympathetico.
1425 2767 1640 2860 Vividius
1663 2771 1908 2866 micabant

397 2926 575 3019 arteriae
612 2959 697 3051 per
740 2926 830 3017 tria
878 2923 1068 3017 minuta
1106 2956 1162 3014 ex
1201 2923 1288 3014 isto
1330 2944 1554 3016 contactu
1570 2963 1582 3033 3
1621 2928 1906 3053 neutiquam

396 3112 503 3174 vero
534 3115 589 3172 ex
619 3080 936 3208 applicatione
963 3079 1145 3173 stimuli
1174 3079 1234 3172 ad
1264 3079 1461 3205 parietes
1497 3113 1713 3175 vasorum
1744 3085 1815 3178 vel
1847 3090 1906 3182 ad

397 3267 483 3364 par
513 3271 697 3366 vagum.
752 3239 869 3330 Inde
905 3237 1120 3360 sequitur
1151 3234 1420 3348 manifeste,
1459 3235 1556 3328 vim
1598 3251 1742 3362 atque
1780 3276 1908 3336 ener-

396 3394 521 3522 giam
551 3396 829 3487 arteriarum
860 3426 960 3486 non
990 3428 1016 3485 a
1041 3392 1229 3519 propria
1257 3390 1596 3508 irritabilitate,
1618 3395 1696 3488 sed
1727 3431 1752 3488 a
1779 3395 1909 3525 prin-

399 3549 510 3676 cipii
542 3551 721 3643 nervosi
751 3549 939 3642 influxu
974 3549 1189 3675 pendere.
1746 3561 1750 3570 '

389 3815 391 3818 ¹
471 3705 628 3798 Simili
648 3709 790 3799 modo
809 3703 1000 3800 Wilaon
1015 3699 1234 3835 Philipp,
1255 3704 1458 3797 admotis
1476 3705 1535 3797 ad
1550 3725 1774 3800 ranarum
1793 3741 1908 3805 ccre-

399 3861 543 3953 brum
567 3861 767 3976 alkoole‚
784 3861 1020 3954 solutione
1037 3860 1153 3987 opii,
1180 3861 1336 3953 infus'o
1359 3861 1529 3976 tabaci,
1550 3862 1906 3980 circulationem

399 4019 640 4146 sanguinis
657 4020 708 4110 in
727 4019 1017 4111 membranis
1034 4016 1278 4110 natatoriis
1296 4017 1494 4109 istorum
1516 4019 1802 4114 animalium
1821 4024 1908 4117 cla-

400 4175 577 4300 rissime
603 4175 722 4267 vidit
745 4174 1046 4267 acceleratam
1062 4169 1096 4281 ²;
1124 4172 1443 4266 annihilatam
1461 4207 1588 4290 vero,
1612 4208 1766 4299 quum
1793 4213 1909 4274 cere-

400 4331 543 4422 brum
563 4353 610 4424 et
635 4331 896 4424 medullam
917 4330 1150 4457 spinalem
1172 4314 1498 4423 destruxerat.³
1524 4331 1634 4449 Qua
1660 4368 1708 4426 re
1728 4339 1908 4463 optime

400 4487 630 4611 perspexit
654 4489 1048 4613 experimentator
1073 4501 1462 4602 noster‚'motum
1482 4491 1723 4620 sanguinis
1745 4495 1796 4585 in
1816 4529 1909 4590 vas·

402 4641 519 4733 culis
533 4644 807 4736 ¹minoribus
826 4645 1006 4736 nervosi
1026 4644 1286 4773 systematis
1305 4645 1503 4771 imperio
1521 4680 1612 4740 esse
1626 4650 1905 4776 subjectum.

449 4851 458 4878 ¹
483 4844 579 4912 Phil.
607 4831 806 4926 Transeat„
831 4871 889 4915 an·
920 4851 1005 4931 1814
1029 4847 1204 4932 (Meeleis
1232 4851 1410 4918 deutschea
1432 4849 1567 4920 Archiv
1579 4851 1656 4946 fiir
1679 4855 1735 4923 die
1758 4858 1907 4951 Physic-

359 5028 362 5040 ,
401 4959 934 5053 logie,·3terBand‚p.139).
1461 4945 1465 4955 Ι

450 5075 580 5142 ’Pata
614 5083 815 5157 Transeat„
853 5085 961 5163 18153
990 5106 1028 5167 p.
1056 5107 1069 5146 r
1099 5083 1134 5145 el
1159 5101 1177 5145 a
1206 5082 1383 5168 (MecleIs
1408 5085 1585 5152 deutsches
1601 5085 1740 5157 ‘Archiv
1754 5087 1831 5182 fiir
1852 5091 1907 5159 die

401 5189 648 5284 Physiologier
674 5206 751 5260 ater
771 5197 891 5272 Band,
911 5220 949 5281 p.
972 5201 1056 5281 349,
1080 5201 1157 5261 ³⁵0.
1196 5199 1370 5278 Versuch,
1395 5219 1454 5287 14,
1481 5201 1556 5288 1⁵).

450 5299 462 5339 ³
486 5310 638 5388 Merkel,
659 5313 682 5376 l·
705 5334 751 5400 o,
774 5333 808 5398 p·
828 5317 904 5378 ³51.
942 5313 1118 5390 Versuch,
1148 5335 1206 5400 ιγ,
1234 5315 1284 5377 18.
