5076 6816
1363 667 1457 734 tas

658 856 710 948 in
746 854 953 948 febribus
994 854 1245 986 malignis,
1283 885 1397 946 eum
1436 852 1661 979 expandit
1702 870 1749 944 et
1790 848 1983 946 morin
2017 851 2162 947 telam

657 1009 927 1104 cellulosam
952 1009 1174 1142 impellit,
1197 1042 1298 1133 quo
1312 1009 1585 1104 cfficiuntur
1601 1006 1822 1132 petechiae
1842 1029 1986 1130 atque
2005 1007 2165 1136 ecehy-

656 1175 834 1274 moses3
873 1198 984 1259 mox
1020 1199 1130 1258 vero
1163 1151 1445 1292 sanguinem
1476 1195 1689 1290 pervasa
1719 1161 1986 1264 exhalantia
2018 1163 2164 1290 expri-

657 1321 770 1434 mit,
801 1354 856 1414 ex
888 1354 986 1444 quo
1024 1321 1249 1414 oriuntur
1275 1319 1625 1447 haemorrhagiae
1647 1317 1781 1412 nulla
1811 1339 1918 1412 ,arte
1937 1317 2163 1419 sistenda.

532 1494 534 1502 ’
578 1483 581 1490 ’
660 1469 724 1569 3?
755 1477 909 1570 Haeret
934 1478 986 1570 in
1014 1478 1100 1570 reti
1136 1509 1328 1570 mucoso
1359 1475 1707 1602 Malpigbiano,
1739 1473 2037 1602 papillarum.
2060 1505 2164 1568 ner·

655 1664 849 1726 vcarum
887 1635 1148 1748 tutamine,
1185 1656 1232 1726 et
1272 1631 1608 1760 epiclermidem
1648 1629 1830 1724 extollit
1868 1630 1923 1720 'm
1954 1627 2164 1723 bullulas

656 1787 962 1902 cristallinas,
991 1821 1095 1912 quae
1126 1784 1385 1886 millerias»
1410 1786 1611 1878 nomine
1633 1785 1862 1899 veniunt,
1885 1805 1932 1876 et
1960 1815 2164 1907 quaesae-

655 1944 763 2072 pius
795 1943 1002 2036 lluidum
1027 1977 1215 2036 aereum
1245 1943 1516 2063 continent,
1550 1974 1695 2069 quam
1725 1972 1958 2034 semsnm·

726 2100 797 2191 Ea
818 2097 962 2231 altera
986 2122 1118 2225 parte
1139 2098 1273 2191 variae
1293 2100 1471 2192 dantur
1490 2128 1743 2188 nemorum
1762 2093 2028 2188 affectiones
2049 2093 2163 2186 idio

654 2253 854 2380 pathicae
880 2253 938 2347 de
965 2229 1437 2380 spasmorumtribu,
1463 2251 1512 2344 in
1538 2252 1714 2376 quibus
1745 2249 1955 2342 materiei
1977 2248 2163 2376 gazifor-

655 2409 748 2500 mis
777 2437 947 2536 magna
969 2410 1199 2502 evolvitur
1222 2409 1367 2534 copia.
1403 2406 1650 2502 Pertincnt
1675 2405 1774 2496 buc
1801 2403 1997 2496 morbus
2019 2403 2163 2532 hypo-

655 2563 1139 2687 ehondriacus'atque
1164 2563 1450 2691 hystoricus,
1479 2562 1652 2688 angina
1673 2560 1898 2685 pectoris,
1919 2557 2163 2685 apoplexia

656 2729 886 2832 annosa,
928 2741 1013 2812 eto.
1058 2721 1149 2812 Pro
1181 2739 1306 2811 certo
1340 2715 1524 2830 habeo,
1563 2717 1616 2810 in
1653 2717 1853 2808 istorum
1883 2715 2162 2808 morborum

656 2871 939 2986 insultibus,
958 2873 1157 3000 pulpam
1180 2905 1400 2966 nerveam
1421 2905 1447 2964 a
1467 2871 1727 2998 principio,
1744 2871 1874 2994 quod
1889 2869 2039 2983 vehit,
2056 2871 2163 2962 sub-

656 3027 729 3122 tili
762 3061 855 3122 esse
882 3051 1163 3142 saturatam,
1195 3029 1355 3154 quod,
1379 3059 1490 3124 mox
1515 3026 1799 3120 humoribus
1822 3028 2006 3122 secretis
2035 3027 2165 3119 addi-

655 3207 795 3299 tum,
830 3218 855 3278 e
885 3217 1079 3311 corpore
1112 3185 1295 3316 aufugit
1328 3213 1441 3276 cum
1471 3181 1699 3308 euphoria
1729 3185 1912 3311 aegroti,
1947 3183 2021 3276 vel
2048 3214 2163 3274 cum

655 3342 864 3467 ejusdem
895 3339 1126 3468 pernicie,
1156 3339 1196 3432 si
1218 3337 1443 3467 sanguini,
1471 3338 1754 3431 admiscetur
1779 3370 1926 3466 vapor
1955 3369 2164 3430 nervum.

655 3497 901 3592 Omnibus
920 3469 1159 3589 enimvero
1177 3518 1350 3588 notum
1370 3515 1460 3608 est,
1478 3494 2164 3624 paroxysmoshypoohondria·

655 3686 757 3769 cos,
789 3653 1062 3782 hystericos,
1094 3653 1288 3780 anginas
1315 3651 1536 3779 pectoris,
1572 3672 1681 3764 ete,
1709 3685 1795 3777 per
1818 3651 2161 3744 eructationem

655 3808 863 3900 flatuum
890 3808 1122 3936 insignem
1145 3807 1279 3920 solvi,
1298 3807 1420 3899 dum
1443 3807 1496 3897 in
1521 3797 1772 3932 apoplexiae
1788 3810 1994 3932 quadam
2012 3806 2163 3932 specie

654 3963 800 4056 bullae
813 3995 953 4058 aercae
971 3963 1025 4053 in
1045 3963 1164 4054 rasis
1180 3961 1425 4088 eneephali
1443 3951 1759 4055 inveniuntur
1774 3963 1963 4056 inclusae
1978 3962 2003 4054 ¹.
2035 3963 2162 4056 Hinc

655 4151 757 4212 non
778 4118 913 4210 facile
931 4118 1161 4243 reperitur
1177 4117 1410 4250 nerralgia
1423 4118 1683 4246 systematis
1701 4120 1902 4235 nervosi,
1927 4117 2163 4246 imprimis

656 4276 786 4368 nervi
815 4273 1145 4403 sympathetici
1171 4273 1242 4368 vel
1272 4277 1401 4368 nervi
1424 4277 1549 4405 vagi,
1584 4276 1757 4400 inqua
1780 4307 1882 4369 non
1908 4275 2162 4402 deprehen-

656 4431 798 4523 datur
818 4427 1035 4524 ·lluidum
1063 4437 1251 4522 aereum
1280 4432 1558 4525 extricatum
1585 4465 1668 4524 seu
1699 4464 1805 4524 vera
1823 4430 2160 4562 pneumatost's.

727 4587 893 4699 Nunc,
921 4586 1105 4710 quoad
1142 4585 1304 4678 thema
1345 4619 1509 4681 meum
1542 4610 1791 4702 revertam,
1827 4588 1878 4680 in
1906 4617 2161 4679 nervorum

654 4742 939 4835 staminibus
964 4763 1121 4834 statuo
1157 4743 1402 4836 materiem
1435 4742 1682 4859 subtilem,
1712 4741 2159 4872 imponderabilem,

702 5009 712 5038 ¹
737 4965 951 5097 Morgagni,
975 5005 1082 5090 Epist.
1098 5014 1187 5071 anat.
1206 5013 1249 5094 3,
1268 5007 1317 5072 n.⁸
1339 5031 1397 5092 ¹7³
1418 4983 1523 5095 Epist
1543 5014 1603 5098 59,
1620 5014 1669 5074 n.⁰
1694 5013 1743 5075 ιθ.
1771 5004 1975 5086 Fabricius,
1999 5012 2081 5102 Acta
2099 5026 2160 5072 na-

655 5113 740 5186 t'urae
765 5123 1005 5206 curiosorum,
1024 5123 1092 5184 rol.
1117 5121 1168 5208 Χ,
1195 5145 1230 5206 p.
1257 5146 1330 5206 ¹¹7·
1366 5126 1411 5189 F.
1431 5122 1598 5202 Zuliani,
1627 5129 1670 5191 de
1692 5129 1826 5214 apopl,
1845 5133 1994 5211 praesert.
2017 5142 2160 5203 norrea,

657 5237 866 5322 Commeat,
885 5235 913 5322 ς
936 5239 990 5300 26.
1024 5236 1175 5322 Portal,
1198 5237 1280 5304 Oba.
1300 5259 1365 5304 eur·
1390 5241 1429 5304 Ia
1447 5248 1521 5306 nat.
1545 5253 1581 5304 et
1603 5241 1636 5304 Ie
1657 5238 2001 5326 trait.de1’apopt,
2023 5261 2061 5323 p.
2074 5239 2160 5303 ent.
