5080 6812
1102 694 1168 820 69

419 905 770 1035 „Gangliorum
804 905 1120 1039 parenchyma
1157 911 1228 1003 nil
1262 945 1372 1004 cum
1411 911 1584 1005 cerebri
1621 912 1884 1005 substantia

381 1064 526 1157 habet
562 1096 854 1164 commune:
884 1067 981 1158 haec
1013 1067 1168 1160 mollis
1197 1091 1265 1160 est
1291 1091 1435 1193 atque
1462 1066 1781 1181 semi-fluida,
1823 1067 1883 1158 ab

382 1219 547 1333 acidis,
578 1220 788 1312 alcoholc
815 1224 1149 1336 condensatur,
1178 1224 1257 1315 sed
1292 1257 1392 1316 non
1421 1193 1637 1317 mutatur
1668 1225 1719 1314 in
1744 1223 1886 1314 coria-

382 1408 511 1468 ceam
539 1376 877 1487 substantiam
909 1380 1053 1493 dum,
1080 1413 1105 1472 e
1133 1380 1389 1494 contrario,
1416 1379 1598 1507 ganglia
1623 1379 1883 1471 solidorum

335 1533 436 1624 »in
474 1534 674 1628 modum
706 1534 993 1667 crispantur,
1038 1557 1181 1664 atque
1224 1537 1481 1630 maximam
1512 1535 1885 1659 acquiruntdu-
1973 1633 1976 1644 ,

384 1710 553 1783 utrem.

346 1967 349 1977 1
456 1845 741 1968 Coquendo,
767 1847 949 1977 ganglia
975 1819 1131 1976 primo
1161 1870 1406 1943 momento
1431 1848 1744 1962 indurantur,
1777 1868 1884 1974 post

382 2001 588 2094 dimidiae
612 2002 737 2096 horae
765 2005 972 2131 spatium
995 2039 1102 2098 vero
1125 2037 1283 2099 rursus
1310 2002 1632 2098 emolliuntur.
1661 2003 1881 2098 Alkalina

381 2156 479 2248 vim
524 2181 736 2252 exercent
781 2161 833 2254 in
874 2160 1091 2289 ganglia,
1132 2185 1180 2254 et
1227 2161 1307 2252 illa
1348 2161 1697 2284 liquefaciunt,
1751 2159 1880 2253 lento

379 2313 577 2434 quidem
615 2316 789 2441 gradu,
828 2315 959 2408 haud
998 2349 1104 2408 vero
1145 2336 1508 2428 momentaneo,
1558 2317 1687 2438 quod
1725 2315 1881 2408 solum

382 2465 434 2558 in
467 2468 639 2562 cerebri
679 2471 885 2563 medulla
919 2471 1100 2564 accidit.
1145 2470 1225 2566 W
1214 2467 1392 2582 utzer¹,
1424 2471 1751 2594 experimentis
1784 2471 1881 2562 istis

380 2620 601 2715 chemicis
629 2626 834 2751 repetitis
859 2648 1002 2749 atque
1029 2597 1173 2754 magis
1193 2626 1409 2740 extensis,
1438 2622 1752 2716 differentiam
1774 2658 1881 2718 con-

382 2773 609 2893 firmavit,
641 2813 745 2904 quae
774 2783 898 2875 inter
928 2781 1224 2912 gangliorum
1252 2812 1442 2873 carnem
1463 2781 1709 2873 intercedit
1736 2803 1881 2904 atque

379 2965 577 3028 massam
609 2936 915 3030 cerebralem„
931 2939 1213 3064 Compertus
1241 2959 1308 3029 est
1334 2937 1545 3061 insuper,
1575 2934 1755 3063 ganglia
1785 2969 1880 3027 ma-

378 3088 467 3214 jori
501 3091 711 3219 gelatinae
745 3094 963 3188 animalis
999 3095 1131 3220 copia
1167 3126 1195 3184 a
1227 3093 1378 3186 nervis
1407 3089 1616 3200 differre;
1650 3125 1677 3182 a
1705 3092 1878 3184 cerebri

378 3246 639 3354 substantia
658 3283 763 3342 vero
785 3249 938 3342 multo
963 3251 1106 3377 magis
1128 3249 1302 3342 diversa
1324 3279 1415 3348 esse
1437 3267 1628 3373 propter
1650 3248 1878 3375 majorem

375 3401 588 3527 gelatinae
619 3427 666 3496 et
693 3407 902 3502 indurati
937 3405 1197 3499 albuminis
1229 3404 1573 3528 quantitatem,
1604 3425 1651 3496 et
1678 3426 1879 3529 propter

376 3559 589 3685 exiguam
621 3561 805 3686 copiam
838 3593 995 3654 massae
1028 3559 1188 3654 oleosae
1210 3581 1354 3682 atque
1384 3568 1581 3650 cetaceaess
1626 3627 1631 3640 ,

448 3714 672 3807 Attamen
697 3717 978 3842 experientia
1002 3716 1153 3808 edocti
1179 3747 1367 3827 sumus,
1393 3713 1522 3836 quod
1543 3701 1744 3841 ganglia,
1770 3712 1878 3806 licet

375 3868 557 3961 diutius
589 3873 829 3996 putredini
864 3874 1079 3966 resistant
1114 3905 1168 3963 ac
1204 3871 1334 3963 nervi
1370 3868 1643 3983 cerebrales,
1681 3871 1875 3963 tandem

375 4024 658 4151 peculiarem
679 4029 1082 4156 degenerationem
1100 4027 1367 4153 patiantur,
1389 4056 1492 4148 quae
1515 4047 1582 4118 est
1600 4028 1804 4120 mutatio
1823 4028 1875 4118 in

376 4181 620 4274 materiem
643 4183 889 4311 pinguem,
913 4185 990 4276 cui
1010 4179 1274 4314 adipocerae
1295 4212 1473 4299 nomen
1496 4181 1773 4308 impositum
1797 4205 1875 4276 est.

449 4338 507 4427 ln
528 4337 721 4466 gangliis
745 4339 1073 4431 macerationis
1095 4371 1183 4465 ope
1208 4338 1415 4432 tractatis
1437 4335 1735 4464 cognoviea,
1763 4371 1883 4454 cum

374 4523 458 4617 per
497 4525 655 4585 unum
695 4493 853 4587 solum
897 4496 1023 4588 diem
1063 4526 1195 4618 aquae
1239 4492 1406 4600 effusio
1447 4493 1652 4622 neglecta
1701 4494 1874 4610 fuerit,

371 4648 535 4744 statim
574 4649 762 4742 sicciora
805 4652 1023 4765 evadere,
1070 4681 1157 4743 nec
1199 4648 1297 4742 ullo
1342 4649 1485 4741 modo
1523 4649 1584 4740 in.
1614 4650 1873 4775 pristinum

373 4824 551 4897 statum
588 4805 894 4900 emollitionis
927 4839 1055 4933 posse
1093 4807 1275 4914 reduci3
1309 4807 1387 4898 sed
1427 4805 1544 4896 sicca
1577 4838 1791 4922 manere,
1813 4829 1875 4900 et
1920 4819 1924 4826 ’

371 4957 581 5083 denique
607 4963 659 5053 in
681 4945 976 5089 adipoceram
1001 4963 1202 5078 mutari,
1224 4961 1438 5086 quamvis
1457 4995 1615 5066 rursus
1638 4964 1727 5056 sub
1749 4995 1872 5088 aqua
1908 4986 1911 4996 ·
2043 5005 2047 5010 ¹

420 5303 430 5332 ¹
455 5304 493 5365 1.
514 5325 563 5391 o,
582 5327 660 5393 pag.
685 5311 726 5370 66
750 5317 875 5391 etseq.
