5080 6812
340 872 487 1014 lrabet
512 869 738 988 formam3
762 871 927 970 coloris
950 861 1247 992 rubri‚'sicut
1262 867 1425 970 omnia
1442 872 1645 1004 ganglia,
1668 876 1748 968 sed
1768 845 1855 968 miss

342 1025 437 1125 nus
449 1066 694 1127 succosum
708 1066 761 1126 ac
773 1031 918 1160 paulo
931 1031 1097 1124 durius
1115 1053 1182 1124 est
1195 1021 1383 1160 ganglio
1396 1031 1605 1124 cervicali
1619 1064 1854 1160 supremo.

415 1195 455 1311 5.
481 1184 524 1282 5.
558 1175 766 1321 Ganglio
790 1185 1000 1284 ceruicali
1031 1189 1199 1282 medio¹
1217 1190 1350 1303 dato,
1383 1189 1513 1281 nervi
1545 1188 1853 1286 intercostalis

228 1403 231 1412 Α
345 1368 543 1438 truncus
570 1347 743 1440 iterum
774 1367 1060 1456 coarctatum
1089 1348 1168 1439 sed
1196 1333 1324 1439 breri
1353 1345 1520 1446 itinere
1547 1368 1723 1473 etpost
1755 1344 1853 1474 pol-

343 1499 445 1595 licis
474 1501 620 1596 'unius
650 1503 858 1632 spatium
895 1503 1033 1596 tertia
1064 1502 1162 1596 vice
1203 1500 1419 1616 inflatur,
1451 1522 1595 1626 atque
1629 1485 1850 1630 ganglion

342 1658 563 1784 producit
588 1654 815 1756 cervicale
847 1655 1061 1752 ultimum
1070 1728 1085 1770 ,
1110 1691 1257 1787 prope
1288 1658 1549 1787 marginem
1578 1655 1850 1788 interiorem

345 1814 521 1907 arteriae
551 1801 819 1909 vertebralis
850 1816 1022 1931 situm,
1047 1837 1094 1909 ct
1121 1815 1180 1908 ad
1212 1805 1382 1909 novem
1416 1809 1564 1908 lineas
1595 1813 1656 1906 ab
1685 1794 1851 1906 arteria

341 1968 577 2063 subclavia
612 1971 801 2065 distans.
1715 1989 1718 2000 '

415 2126 525 2223 Non
557 2159 739 2255 semper
772 2130 1001 2257 ganglia
990 2163 1041 2222 rn
1073 2131 1238 2254 quovis
1272 2117 1413 2223 latere
1447 2131 1571 2222 inter
1606 2161 1653 2221 se
1690 2156 1852 2219 conve-

345 2282 517 2391 niunt;
551 2287 867 2412 necpersecta
898 2290 1027 2381 adest
1061 2275 1339 2380 harmonica
1371 2286 1490 2378 ratio
1522 2287 1646 2380 inter
1680 2255 1851 2375 'eorunss

344 2437 452 2572 dem
476 2434 699 2566 liguram,
718 2444 863 2535 situm
885 2466 1029 2569 atque
1045 2433 1414 2570 dispositionem.
1443 2437 1672 2555 Deficere,
1704 2468 1852 2533 exem-

342 2591 411 2720 pli
449 2589 629 2722 gratia,
677 2591 830 2724 potest
876 2591 1097 2728 ganglion
1137 2587 1357 2692 cervicale
1398 2585 1613 2692 mediam
1656 2596 1708 2689 in
1750 2625 1851 2732 unq

344 2748 508 2865 latere,
560 2771 608 2845 et
648 2754 800 2847 adesse
836 2755 887 2847 in
928 2756 1086 2849 altero.
1141 2757 1280 2849 Breve
1316 2752 1583 2876 aliquando
1621 2751 1852 2878 reperitur

342 2906 563 3036 ganglion
594 2911 811 3004 cervicale
850 2945 1127 3040 supremum
1161 2913 1213 3003 in
1241 2943 1341 3004 uno
1373 2901 1534 3024 latere,
1572 2879 1854 3036 etlongissi'-

344 3063 482 3155 mum
516 3064 568 3158 in
604 3061 772 3178 altero'5
813 3088 996 3162 tumet
1030 3067 1204 3194 duplex
1239 3068 1290 3164 in
1323 3069 1449 3181 unc,
1490 3086 1537 3160 et
1571 3061 1769 3192 simpleri
1798 3064 1850 3156 in

345 3219 491 3313 altero
513 3219 669 3344 (quod
692 3219 813 3315 mihi
843 3245 1083 3317 ostensum
1107 3225 1200 3316 suit
1223 3226 1274 3314 in
1296 3253 1404 3313 casu
1431 3222 1644 3346 superius
1669 3219 1852 3338 citato).

343 3375 513 3470 Visum
549 3377 672 3469 mihi
709 3399 776 3471 est
810 3380 1052 3472 interdum
1088 3379 1303 3506 primum
1343 3375 1565 3507 ganglion
1612 3373 1852 3492 cervicale,

338 3533 463 3625 ¹dum
493 3533 689 3658 majore,
719 3551 867 3659 quam
895 3527 981 3662 par
1015 3557 1105 3649 est,
1136 3523 1308 3664 gaudet
1340 3533 1563 3647 crassitie,
1593 3528 1852 3643 deficientis

342 3686 513 3816 ganglii
546 3687 690 3782 medii
720 3691 869 3783 officia
897 3691 1138 3817 suscipere.

414 3848 456 3964 5.
474 3841 519 3935 6ζ
547 3843 772 3969 Denique
794 3839 962 3938 nervus
984 3841 1373 3975 sympatheticus,
1400 3831 1640 3938 mediante
1667 3817 1851 3970 ganglia

343 3998 552 4093 cer'vicali
582 3999 776 4116 ultimo,
796 3999 977 4096 thoraci
995 4001 1258 4093 admodum
1284 4000 1487 4114 vicinus,
1511 4020 1617 4125 post
1642 3989 1851 4125 spatium

344 4157 549 4250 duarum
568 4155 830 4272 linearum3
851 4149 904 4248 in
929 4155 1150 4285 ganglion
1172 4151 1343 4250 transit
1356 4179 1617 4283 magnum,
1642 4151 1852 4280 capitulo

344 4335 477 4406 eostae
511 4313 675 4439 primae
712 4293 1015 4439 impositum,
1053 4314 1113 4406 ab
1151 4315 1318 4408 arteria
1359 4310 1604 4405 vertebrali
1646 4330 1849 4424 tectum„

344 4471 473 4592 quod
494 4502 521 4560 a
542 4470 638 4562 situ
668 4464 960 4561 thoract'cum
976 4467 1188 4598 primum
1214 4467 1286 4562 tel
1311 4461 1600 4570 thoracleam
1628 4449 1851 4596 magnum

343 4619 618 4752 appellatur.

414 4755 674 4876 subsistere
691 4781 829 4876 liceat
847 4783 926 4877 hic
944 4783 1200 4913 paulisper,
1220 4817 1317 4909 quo
1335 4783 1553 4912 praedicta
1568 4779 1850 4874 summatim

343 4938 547 5065 exposita
565 4939 728 5034 altiore
747 4941 969 5070 indagine
991 4943 1357 5118 perpendamus,
1380 4973 1432 5033 ac
1452 4970 1604 5032 ramos
1627 4937 1723 5030 ab
1711 4956 1851 5027 anter

344 5095 502 5196 costali
526 5095 668 5192 nervo
697 5099 749 5191 in
774 5101 946 5192 cervice
972 5091 1159 5194 emissos
1181 5101 1338 5192 debita
1359 5083 1470 5191 cura
1491 5114 1848 5223 perscrutemur

410 5257 521 5376 5
479 5286 521 5381 7
560 5255 866 5350 Redeundo
853 5251 1014 5380 ltaque
1040 5255 1101 5349 ad
1126 5255 1347 5384 ganglion
1372 5249 1590 5350 cervicale
1615 5239 1857 5380 primum,³
