5076 6816
1057 680 1154 812 159

345 921 718 1016 contrectatum,
738 931 906 995 cavum
928 931 1020 994 esse
1038 901 1287 994 videbatur
1305 938 1318 992 z
1338 900 1385 992 id
1413 898 1545 1022 quod
1565 917 1727 992 tamen
1752 931 1852 992 non

345 1052 646 1150 confirmavit
681 1058 810 1151 nervi
848 1057 1087 1174 dissectio,
1123 1057 1184 1151 ad
1226 1088 1326 1150 rem
1358 1055 1688 1151 illustrandam
1709 1055 1857 1149 insti-

344 1234 462 1306 tuta.
1216 1311 1221 1322 ,

415 1360 589 1488 §.15o
614 1368 958 1484 Inflammatio‚
980 1370 1042 1461 de
1061 1401 1156 1490 qua
1186 1366 1279 1488 (ss.
1304 1366 1561 1484 140-143)
1584 1365 1853 1492 agebamus,

345 1523 498 1616 nervis
530 1525 744 1651 propria,
778 1525 838 1618 ab
870 1558 922 1617 ea
951 1523 1129 1638 differt,
1158 1554 1264 1648 quae
1294 1524 1404 1651 ipsis
1436 1543 1630 1616 tantum
1666 1521 1854 1615 videtur

211 1761 214 1766 .
345 1679 697 1774 communicata
719 1715 745 1772 a
764 1679 975 1808 phlogosi
997 1680 1209 1808 partium
1223 1679 1498 1772 vicinarum
1521 1677 1609 1771 :in
1628 1676 1720 1769 hoc
1743 1709 1853 1770 casu

342 1835 474 1927 enim
501 1835 647 1928 rubor
672 1868 925 1930 nervorum
943 1870 1046 1931 non
1064 1837 1180 1930 adeo
1199 1858 1268 1930 est
1288 1836 1521 1949 intensus,
1541 1855 1708 1956 atque,
1731 1833 1852 1928 facta
1945 1859 1949 1868 ·

344 1988 603 2108 infusione,
638 1993 691 2085 in
723 2025 847 2116 aqua
875 1994 1089 2120 disparet.

416 2146 475 2236 In
491 2145 744 2272 pleuritide
763 2170 834 2240 sat
851 2147 1055 2241 violenta
1077 2147 1298 2276 ganglion
1323 2147 1618 2241 thoracicum
1635 2144 1851 2272 primum

342 2301 655 2426 deprehendi,
694 2335 849 2426 neque
884 2304 1010 2396 mole
1040 2314 1260 2418 auctum,
1300 2335 1456 2425 neque
1490 2302 1673 2394 ratione
1703 2299 1854 2395 densi·

344 2456 453 2548 tatis
469 2456 530 2549 ab
551 2457 722 2551 habitu
740 2458 879 2552 solito
899 2462 1127 2553 recedens.
1149 2461 1213 2551 ,In
1221 2454 1474 2586 superficie
1493 2457 1688 2580 quidem
1707 2454 1851 2548 rubra

342 2610 575 2739 eleganter
602 2614 787 2740 pictum
814 2637 915 2708 erat
945 2636 1042 2709 rete
1073 2612 1369 2707 vasculosum
1382 2652 1395 2724 ;
1425 2613 1504 2706 sed
1533 2611 1713 2706 rubedo
1749 2643 1851 2704 non

341 2767 402 2860 ad
427 2767 650 2861 intimam
674 2769 953 2895 penetrabat
969 2769 1142 2898 ganglii
1159 2771 1339 2883 sedem,
1362 2768 1510 2892 quod,
1530 2799 1615 2894 per
1637 2765 1852 2859 medium

342 2923 615 3041 dissectum,
637 2926 846 3053 ejusdem
866 2949 967 3022 erat
985 2926 1152 3021 coloris
1169 2960 1222 3020 ac
1243 2924 1424 3050 reliqua
1442 2923 1625 3055 ganglia
1649 2922 1708 3017 in'
1723 2933 1854 3017 'statu

339 3111 455 3174 sano
484 3081 755 3174 constituta.
822 3123 826 3130 ·
1327 3207 1333 3214 ·
1534 3077 1539 3087 ’

414 3234 562 3328 Paulo
582 3234 718 3328 aliter
734 3268 843 3328 vero
860 3269 929 3329 res
946 3268 993 3329 se
1008 3236 1181 3329 habuit
1202 3237 1254 3328 in
1275 3235 1481 3333 nervulis
1500 3233 1851 3328 intestinorum.
1899 3305 1904 3316 .

341 3389 453 3484 Pars
485 3391 698 3483 intestini
726 3389 906 3518 jejuni,
948 3393 1001 3484 in
1032 3424 1163 3486 sacco
1197 3391 1416 3485 hernioso
1452 3410 1675 3483 contenta
1707 3409 1852 3509 atque

343 3546 649 3659 incarcerata,
682 3548 1104 3674 profundissimam
1135 3549 1256 3644 mihi
1284 3547 1490 3641 ostendit
1517 3543 1853 3637 inflammatio-

343 3734 456 3795 nem
476 3703 527 3795 in
547 3703 772 3796 omnibus
789 3703 885 3797 suis
910 3705 1104 3820 tunicis,
1125 3725 1299 3828 tumet
1318 3705 1370 3796 in
1389 3701 1681 3796 mesenterio.
1701 3697 1851 3794 Grata

342 3857 463 3962 mihi
491 3890 584 3951 sese
618 3859 795 3951 occasio
820 3859 1022 3986 praebuit
1050 3861 1325 3984 inquirendi
1354 3860 1406 3951 in
1433 3887 1687 3951 nervorum
1716 3875 1853 3947 natu-

342 4045 474 4128 ram,
518 4035 662 4137 atque
699 4015 1001 4142 dispiciendi,
1041 4049 1105 4108 an
1147 4013 1436 4108 inflammati
1473 4031 1650 4125 essent,
1689 4039 1850 4102 necne.

343 4169 532 4283 Fateor,
569 4202 646 4262 me
671 4169 887 4298 reperisse
914 4170 1134 4264 nervulos
1159 4167 1449 4263 intestinales
1473 4165 1618 4293 magis
1649 4160 1853 4258 rubellos

341 4346 389 4416 et
407 4325 551 4454 magis
570 4357 798 4442 succosos,
819 4347 867 4420 et
883 4328 1092 4450 quadam
1110 4325 1432 4456 pelluciditate
1447 4321 1685 4451 praeditos;
1710 4320 1850 4432 dum,

342 4481 642 4597 econtrario,
668 4512 921 4574 nervorum
955 4482 1153 4576 istorum
1177 4481 1360 4596 trunci,
1389 4481 1503 4572 citra
1533 4477 1852 4569 incarceratio-⁴

233 4701 241 4716 .
343 4634 418 4727 nis
445 4635 630 4754 locum,
663 4668 751 4754 nec
781 4638 843 4731 ab
875 4638 1150 4758 indolence
1179 4672 1206 4729 a
1239 4636 1391 4730 colore
1421 4654 1645 4728 consueto
1676 4631 1851 4724 recede

340 4789 473 4884 bant.
497 4791 670 4898 Nonne
689 4827 744 4888 ex
763 4793 848 4887 ista
867 4795 1080 4922 autopsia
1097 4783 1380 4887 concludere
1395 4791 1571 4906 licebit,
1588 4785 1847 4916 medullam

342 4975 586 5040 nervosam
614 4949 666 5039 in
702 4948 868 5070 quovis
899 4947 1002 5040 loco
1039 4948 1254 5062 nutriri,
1279 4946 1434 5075 augeri
1471 4967 1615 5069 atque
1647 4940 1847 5056 mutari,

341 5098 535 5225 reliquis
564 5104 716 5197 nervis
746 5104 807 5198 ab
833 5103 923 5198 hac
951 5103 1219 5198 mutatione
1248 5135 1348 5196 non
1383 5103 1639 5231 correptis?

413 5261 455 5378 S.
481 5237 592 5351 iit.
624 5259 868 5354 Incrassati
901 5258 1185 5356 videbantur
1214 5237 1468 5356 nervorum
1494 5251 1857 5389 sympathetico⁴
