5076 6816
1395 686 1490 783 ¹70

687 870 747 964 tis
779 889 937 997 portas
969 868 1108 998 polus
1133 871 1289 997 cupri,
1315 869 1479 963 validae
1505 868 1848 964 renascebantur
1874 867 2200 966 convulsiones

686 1026 1054 1154 diaphragmatis
1095 1048 1142 1120 et
1173 1027 1499 1121 musculorum
1536 1025 1860 1154 pectoralium.
1924 1027 1988 1119 Hi
2023 1028 2200 1152 absque

686 1182 836 1275 dubio
854 1185 907 1276 in
924 1214 1206 1277 consensum
1226 1184 1540 1278 trahebantur
1555 1216 1581 1275 a
1599 1181 1716 1310 septi
1737 1184 1982 1278 transversi
2003 1185 2200 1278 actione.

688 1338 831 1432 Unde
864 1359 1028 1468 patet,
1065 1373 1228 1434 nervos
1259 1340 1443 1469 hepatis
1480 1339 1734 1434 stimulum
1771 1337 2071 1467 galvanieum
2112 1360 2202 1434 tra-

687 1496 870 1588 duxisse
897 1496 956 1588 ad
986 1494 1179 1623 plexum
1205 1496 1674 1626 diaphragmaticum.
1712 1495 1831 1624 Ergo
1861 1494 2036 1587 ramuli
2069 1497 2199 1589 nervi

687 1649 1015 1778 sympathetici
1047 1650 1212 1746 eodem
1236 1653 1380 1744 modo
1410 1685 1458 1745 se
1477 1652 1661 1744 habent
1685 1651 1746 1743 ad
1772 1648 1944 1745 fibram
1969 1651 2201 1745 muscula·

689 1839 809 1922 rem,
836 1839 934 1932 quo
953 1808 1073 1903 rami
1094 1842 1121 1902 a
1146 1809 1298 1902 nervis
1327 1806 1642 1902 cerebralibus
1673 1828 1719 1901 et
1741 1806 2006 1935 spinalibus
2028 1807 2198 1903 educti.

1400 2071 1487 2164 IV.

759 2284 853 2385 Ad
875 2322 989 2421 pag.
1023 2287 1147 2405 118,
1169 2305 1283 2420 post
1310 2294 1396 2380 n.''’'
1425 2295 1511 2380 3:¹⁸²

765 2443 828 2564 4?
860 2449 1048 2542 Docent
1076 2447 1395 2574 experimenta
1422 2447 1473 2536 in
1500 2444 1651 2538 nervis
1672 2445 1888 2537 vivorum
1913 2443 2198 2540 animalium

689 2604 932 2718 instituta,
959 2636 1124 2697 veram·
1141 2603 1540 2732 regenerationem
1567 2601 1840 2694 substantiae
1870 2633 2071 2696 nervosae
2097 2636 2198 2698 non

688 2761 813 2876 dari,
832 2761 911 2852 sed
932 2761 1048 2852 duas
1065 2760 1195 2852 nervi
1211 2758 1428 2886 praescissi
1447 2758 1688 2884 portiones
1705 2790 1793 2884 ope
1811 2758 1926 2852 nodi
1951 2759 2198 2885 eujusdam

689 2917 847 3010 callosi
889 2916 1297 3009 conlerruminari.
1353 2916 1450 3008 Nec
1482 2913 1653 3008 'minus
1690 2916 1864 3009 docent
1910 2917 1995 3010 ista
2030 2918 2201 3045 experi-

689 3096 881 3188 menta,
921 3072 1191 3166 functiones
1227 3070 1409 3166 inillis
1453 3072 1605 3165 nervis
1635 3105 1899 3200 suppressas
1938 3095 2046 3200 post
2086 3095 2199 3168 tem-

687 3229 814 3356 poris
844 3228 1040 3353 aliquod
1066 3227 1370 3322 intervallum
1400 3228 1596 3321 restitui.
1627 3229 1806 3321 Eadem
1832 3262 1903 3324 res
1933 3230 2120 3323 obtinet
2145 3231 2197 3326 iu

689 3385 893 3501 casibus,
918 3382 981 3479 'in
1016 3383 1192 3511 quibus
1227 3417 1482 3480 nervorum
1512 3387 1718 3479 stamina
1752 3386 1806 3480 in
1836 3418 1919 3480 sua
1951 3387 2199 3481 continua·

688 3543 820 3635 tione
842 3562 978 3660 erant
999 3565 1140 3671 rupta
1167 3564 1355 3636 tumore
1381 3542 1506 3636 intra
1532 3543 1618 3636 ista
1637 3564 1765 3637 nato.
1803 3541 1966 3637 Palam
1996 3539 2053 3637 fit
2075 3543 2200 3637 hisce

689 3699 1113 3814 observationibus,
1135 3719 1302 3827 praeter
1326 3698 1588 3794 medullam
1609 3721 1656 3793 et
1682 3699 1942 3794 neurilema
1969 3701 2021 3792 in
2048 3701 2199 3795 nervis

578 3957 583 3965 ,
690 3856 836 3948 inesse
865 3856 1160 3983 principium
1186 3854 1583 3984 imponderabile,
1625 3858 1755 3982 quod
1788 3888 1959 3952 novam
1986 3857 2200 3951 substan-

688 4011 806 4104 tiam
829 4011 1005 4135 absque
1031 4011 1376 4139 impedimento
1402 4011 1652 4139 percurrit,
1681 4012 1783 4139 pari
1813 4013 1955 4105 modo
1984 4046 2038 4105 ac
2061 4045 2198 4141 agens

688 4165 1232 4294 electrieogalvanicum‚
1259 4168 1390 4291 quod
1411 4166 1463 4261 in
1481 4198 1593 4260 arcu
1611 4167 1810 4262 animali
1838 4167 2004 4286 (nervo
2023 4169 2198 4262 scilicet

688 4343 736 4414 et
770 4303 1017 4440 musculo)
1056 4345 1301 4438 movetur,
1340 4317 1557 4447 quamvis
1592 4325 1886 4452 interruptus
1921 4327 1982 4420 sit
2016 4326 2104 4419 iste
2130 4325 2197 4448 ab

689 4478 963 4608 interposita
984 4479 1248 4575 substantia
1270 4477 1444 4596 aliena,
1467 4479 1668 4609 exempli
1686 4483 1853 4612 gratia,
1868 4481 2124 4612 vegetabili.

1359 4919 1522 4986 rtrtts.
