5080 6812
1359 692 1428 794 56

641 923 878 1024 numerosi
903 918 1024 1013 mihi
1043 916 1329 1012 videbantur
1353 918 1473 1013 rami
1501 915 1742 1048 egangliis
1759 917 1931 1046 egressi.
1963 917 2148 1036 Plexus,

641 1079 840 1206 exempli
878 1077 1057 1206 gratia,
1102 1074 1272 1168 renalis
1306 1107 1479 1202 paucos
1522 1072 1694 1166 habuit
1737 1072 1945 1168 ramulos
1989 1075 2147 1200 ipsum

642 1233 1001 1350 constituentes,
1044 1262 1214 1353 eosque
1250 1229 1388 1324 solito
1420 1229 1717 1326 marcidiores
1750 1251 1896 1357 atque
1927 1231 2151 1326 sicciores.

481 1370 489 1385 ’
642 1392 855 1488 Eandem
886 1421 987 1484 rem
1014 1387 1134 1482 vidit
1165 1385 1342 1482 Lucae.²

1224 1728 1443 1818 CAPUT
1479 1730 1562 1818 lV.

869 1981 1073 2088 Intima
1109 1978 1257 2088 nervi
1287 1977 1666 2129 sympatlretici
1682 1978 1920 2127 fabrico.

713 2279 752 2395 §.
782 2311 860 2410 72.
900 2287 956 2377 ln
992 2284 1216 2379 fabricam
1260 2285 1388 2418 nervi
1428 2286 1735 2380 intercostalis
1768 2285 2043 2410 inquisituri
2078 2285 2150 2380 in·

640 2438 833 2554 timam,
857 2441 1048 2534 seorsim
1071 2440 1417 2535 consideremus
1440 2463 1593 2569 partes
1619 2443 1840 2567 equibus
1862 2441 2148 2570 compositus

640 2617 718 2690 est.
763 2597 917 2690 Verba
949 2598 1110 2721 itaque
1146 2597 1373 2692 iaciamus
1410 2599 1468 2693 de
1502 2618 1692 2716 trunco,
1730 2601 1905 2711 ramis,
1937 2591 2147 2730 ganglt'is

639 2774 783 2877 atque
806 2748 1043 2885 plexibus.

711 2914 752 3030 S.
776 2913 854 3037 7'3.
890 2908 993 3004 Sub
1031 2911 1190 3004 trunci
1216 2912 1611 3006 denominatione
1635 2911 1844 3041 intelligo
1873 2907 2146 3002 funiculum

640 3063 804 3180 illum,
838 3067 964 3160 inter
988 3088 1132 3191 caput
1157 3089 1204 3160 et
1228 3067 1403 3193 pelvim
1429 3091 1700 3182 extensum,
1735 3068 1794 3160 ad
1828 3051 2020 3194 corpora
2054 3097 2147 3158 ver·

638 3222 878 3314 tebrarum
900 3224 1127 3347 positum,
1143 3222 1337 3352 gangliis
1353 3225 1628 3349 praeditum,
1651 3258 1804 3318 ramos
1819 3223 2147 3316 ostendentem

638 3377 1046 3472 communicantes
1076 3410 1187 3471 cum
1228 3379 1380 3472 nervis
1419 3379 1704 3506 spinalibus,
1744 3378 2148 3474 numerosissimos

636 3533 913 3662 propagines
947 3535 1297 3659 impertientem
1327 3537 1520 3664 organis.
1569 3537 1669 3630 Diu
1704 3538 1984 3665 dignitatem
2009 3564 2146 3626 suam

635 3691 922 3784 conservavit
947 3691 1030 3782 istc
1051 3691 1295 3783 funiculus
1320 3724 1559 3806 nervosus,
1578 3715 1722 3816 atque
1739 3726 1826 3819 pro
1846 3725 1953 3784 rero
1975 3713 2146 3782 trunco

636 3845 829 3940 habitus
872 3847 964 3939 suit
1005 3847 1066 3940 eb
1110 3849 1335 3942 omnibus
1378 3852 1629 3942 anatomiae
1666 3871 1810 3973 atque
1851 3846 2151 3977 physiologice

638 4002 919 4118 cultoribus,
947 4003 1097 4094 donec
1136 3997 1331 4115 Bichat,
1363 4005 1629 4098 doctrinam
1665 4029 1898 4131 receptam
1928 4003 2148 4096 funditus

638 4182 863 4274 evertens,
882 4159 932 4251 in
954 4159 1174 4285 praedicto
1196 4183 1368 4253 trunco
1387 4193 1488 4255 non
1507 4163 1696 4291 agnovit
1714 4163 1804 4268 nisi
1822 4193 2008 4254 ramum
2024 4191 2149 4252 com-

639 4316 966 4412 municantem
979 4348 1036 4430 ,a
1061 4317 1225 4438 quovis
1247 4315 1432 4446 ganglio
1458 4340 1729 4427 exeuntem3
1755 4351 1809 4410 cx
1827 4349 1924 4441 quo
1940 4347 2148 4440 sequere-

639 4493 739 4586 tur,
757 4471 860 4564 loco
880 4474 1038 4564 trunci
1056 4495 1129 4566 tot
1140 4474 1329 4567 existere
1344 4507 1497 4568 ramos
1510 4476 1872 4567 anastomoticos
1886 4473 2147 4602 perbreves,

641 4650 761 4752 quot
793 4629 890 4719 sint
916 4627 1110 4756 ganglia.
1609 4602 1612 4610 Ι

708 4790 749 4904 5.
787 4790 865 4910 74.
911 4781 1068 4875 Veteri
1102 4784 1320 4910 opinioni
1360 4787 1602 4898 addictus,
1643 4788 1847 4878 rationes
1884 4815 2147 4912 exponam,

639 4972 745 5064 quae
774 4973 852 5033 me
879 4939 939 5030 ad
973 4938 1106 5031 illam
1138 4941 1483 5036 defendendam
1514 4941 1785 5070 impellunt.

717 5085 778 5190 1.⁰
810 5097 898 5190 Per
923 5095 1089 5225 viginti
1116 5119 1323 5222 quatuor
1351 5130 1528 5217 annos,
1552 5131 1671 5222 quos
1704 5099 1956 5192 anatomiae
1985 5095 2145 5194 studio

681 5329 822 5415 'Lo,
848 5327 1094 5415 Μηρώ.
