5080 6812
1387 666 1451 768 52

740 901 780 1018 5.
795 892 876 1014 64.
913 891 1172 1018 Sequitur
1163 923 1218 984 ex
1233 889 1489 1017 praedictis.
1507 893 1671 1016 quod
1658 923 1709 990 ιη
1730 897 1987 1029 embryone
2008 934 2179 1002 nervus

667 1051 1035 1182 sympatheticus
1060 1067 1284 1176 appareat
1307 1046 1577 1160 distinctus;
1603 1053 1734 1173 quod
1761 1075 1978 1174 truncus,
2006 1062 2058 1155 in
2077 1097 2179 1190 pec-

668 1210 782 1305 toris
814 1209 1011 1302 cavitate
1045 1205 1275 1318 inclusus,
1315 1203 1512 1297 crassior
1541 1206 1601 1298 sit
1613 1231 1845 1336 ,propter
1873 1197 2055 1343 ganglia
2085 1220 2175 1312 sibi
2251 1313 2254 1318 ,

666 1365 989 1460 admodum
947 1363 1124 1470 vrcina3
1146 1360 1275 1485 quod
1292 1359 1475 1487 ganglia
1491 1361 1693 1456 existant
1706 1367 1928 1490 perlecta,
1943 1373 2177 1499 praecipue

666 1519 745 1637 ea',
788 1523 964 1648 quilius
992 1539 1186 1612 notatus
1219 1537 1287 1608 est
1319 1537 1518 1609 truncus
1553 1517 1671 1643 ipse;
1711 1523 1841 1642 quod
1876 1524 1960 1617 ista
1991 1529 2174 1655 ganglia

665 1679 870 1774 colorem
909 1678 1119 1770 habeant
1161 1671 1354 1766 solitum
1368 1710 1380 1779 ;
1421 1673 1550 1794 quod
1590 1673 1800 1803 longiora
1844 1701 1988 1804 atquc
2028 1687 2175 1813 magis

665 1834 1125 1931 ex'cultavideantur
1153 1830 1206 1920 in
1237 1829 1354 1921 foetu
1380 1859 1527 1950 quam
1556 1829 1609 1921 in
1636 1832 1834 1950 adultis,
1860 1859 2049 1964 excepto
2071 1843 2174 1962 qui·

664 1995 774 2126 dem
806 1989 992 2121 ganglio
1027 1984 1331 2098 semilunari,
1366 1985 1497 2106 quod
1533 2015 1633 2078 non
1672 1990 1835 2084 eadem
1868 1995 2039 2119 gaudet
2073 2029 2174 2089 ero-

596 2189 600 2196 ·
662 2148 872 2262 lu'tione,
903 2147 982 2240 sed
1010 2143 1155 2236 serius
1187 2139 1422 2254 increscit,
1460 2141 1643 2233 ratione
1672 2143 1834 2242 habita
1871 2149 1930 2244 ad
1968 2149 2171 2274 reliquas

660 2303 921 2436 systematis
958 2296 1180 2428 gangliosi
1221 2317 1416 2420 partes:
1451 2295 1606 2410 unde,
1640 2298 1730 2391 sub
1770 2299 2066 2432 physiologiae
2107 2341 2172 2400 re-

659 2483 846 2589 spectu,
873 2477 1167 2581 sequeretur,
1192 2450 1460 2543 functiones
1481 2484 1766 2579 organorum
1788 2458 2168 2562 abdominalium

660 2619 732 2712 vel
765 2616 922 2711 adhuc
958 2611 1273 2774 languescere,
1305 2603 1386 2702 vel
1412 2606 1587 2700 minori
1619 2612 1802 2740 energia
1838 2647 1964 2745 egere
1994 2650 2047 2710 ac
2076 2617 2166 2718 alia

660 2773 933 2903 embryonis
969 2769 1152 2864 viscera

713 2937 772 3053 5.
803 2922 884 3023 65.
933 2925 1098 3054 Operae
1130 2920 1339 3051 pretium
1373 2922 1468 3018 fuit
1506 2924 1805 3049 inquirendi,
1841 2934 2082 3056 quomodo
2120 2966 2168 3028 sc

657 3087 853 3181 haberet
878 3114 1049 3178 nervus
1066 3079 1474 3210 sympatheticus
1461 3114 1513 3174 rn
1539 3082 1728 3177 foetibus
1754 3088 2036 3184 monstrosis.
2073 3091 2168 3183 Do-

659 3245 760 3340 cuit
778 3277 855 3338 me
872 3271 1066 3336 examen
1081 3239 1201 3331 circa
1219 3236 1346 3329 hanc
1366 3269 1465 3330 rem
1483 3238 1780 3355 institutum,
1799 3242 1945 3336 istum
1966 3277 2165 3346 nervum

656 3435 768 3496 cum
800 3398 1026 3493 omnibus
1049 3394 1146 3488 suis
1173 3392 1315 3487 ramis
1345 3392 1467 3484 bene
1497 3425 1589 3486 esse
1615 3395 1876 3512 excultum,
1900 3400 2164 3496 dummodo

656 3559 717 3652 ab
738 3556 951 3649 humana
975 3553 1249 3645 forma'non
1278 3548 1423 3640 nimis
1444 3549 1711 3643 recederent
1731 3553 1868 3647 foetus
1887 3554 1985 3680 ipsi.
2009 3556 2087 3651 Sic
2111 3559 2162 3653 in

655 3715 771 3808 soe'tu
798 3709 1024 3840 perlecto,
1053 3704 1266 3816 amanio,
1299 3700 1425 3795 labio
1454 3701 1668 3828 leporino
1698 3708 1878 3834 duplici
1912 3712 2163 3830 instructo,
2243 3717 2247 3726 ’

653 3905 784 3966 nervr
771 3863 1138 3998 sympathetici
1168 3862 1265 3954 duo
1293 3860 1519 3953 omnibus
1548 3866 1759 3957 numeris
1786 3891 1923 3968 erant
1947 3871 2162 3968 absoluti.

655 4030 788 4122 Idem
816 4019 1098 4160 obsecrari
1086 4051 1138 4112 rn
1170 4018 1287 4111 soetu
1320 4014 1585 4114 masculino
1613 4021 1888 4138 octimestri‚
1921 4028 2081 4120 cranio
2115 4049 2164 4122 et

654 4184 841 4277 cerebro
874 4178 1124 4292 destituto,
1157 4194 1206 4268 et
1232 4171 1367 4298 cujus
1400 4173 1529 4266 nervi
1561 4175 1833 4308 cerebrales‚
1868 4182 2047 4306 optime
2075 4184 2164 4276 sor-

653 4341 796 4454 mati,
833 4335 1092 4430 adducam
1118 4327 1451 4430 membranam
1483 4328 1808 4450 adherebant,
1847 4334 1983 4430 basin
2013 4339 2160 4437 cranii

654 4495 994 4590 investientem

725 4657 766 4773 5.
790 4649 873 4744 66.
908 4646 1043 4742 Alius
1070 4645 1208 4739 foetus
1236 4676 1361 4760 mas,
1391 4665 1498 4737 octo
1535 4645 1629 4738 fere
1659 4647 1923 4763 mensium,
1958 4647 2161 4778 longitu-

653 4809 766 4903 dine
784 4807 914 4935 pedis
935 4803 1081 4897 unius
1108 4833 1221 4894 cum
1244 4833 1321 4898 sex
1343 4800 1504 4918 lineis,
1532 4804 1777 4926 sequentia
1802 4804 1922 4900 mihi
1954 4809 2161 4901 ostendit

655 4967 833 5058 notatu'
865 4964 1018 5092 digna.

726 5123 852 5215 Loco
880 5116 1028 5210 cranii
1054 5147 1211 5208 saccus
1230 5113 1392 5207 aderat
1415 5115 1628 5245 insignis,
1648 5138 1901 5212 retrorsum
1927 5118 2158 5246 pendens,

655 5312 752 5406 quo
775 5276 943 5390 inciso,
967 5295 1133 5400 praeter
1156 5270 1472 5366 substantiam
1505 5273 1649 5390 (sorte
1678 5273 1958 5374 cerebralem
1988 5297 2037 5370 et
2066 5276 2160 5372 fere
2216 5285 2219 5292 “
