5080 6812
1421 687 1488 794 92

704 873 1027 1000 proferrentur
1042 873 1284 992 doctrin'ae,
1306 907 1411 1000 quae
1435 879 1785 999 demonstrant,
1803 887 2009 1020 medicos
2026 887 2214 1018 phaane-

704 1061 845 1121 mena
875 1029 1036 1122 vitalia
1059 1021 1182 1123 bene
1214 1032 1411 1156 quidem
1441 1035 1689 1148 indicasse,
1716 1041 1793 1132 sed
1820 1044 2019 1170 graviter
2045 1079 2214 1146 errasse
2348 1023 2352 1031 Ι

704 1185 764 1277 de
795 1218 961 1278 eor-um
989 1219 1124 1280 causa
1159 1219 1212 1284 ac
1237 1189 1445 1316 genuina
1476 1191 1593 1284 sede.
1637 1194 1790 1288 Hodie
1819 1201 2072 1294 certissime
2098 1205 2213 1299 evic-

702 1361 811 1434 tum
842 1361 933 1458 est,
969 1343 1098 1466 quod
1140 1363 1213 1436 tot
1246 1373 1504 1438 numerosae
1538 1350 1845 1467 sensationes,
1885 1386 1991 1476 quae
2026 1357 2079 1452 in
2118 1342 2215 1487 episs

701 1499 871 1624 gastrio
896 1499 1250 1626 percipiuntur,
1276 1531 1432 1624 neque
1457 1503 1517 1596 ad
1545 1505 1805 1621 musculos,
1827 1540 1983 1632 neque
2005 1513 2066 1604 ad
2084 1547 2210 1632 vasa,

681 1665 860 1782 'neque
892 1654 952 1748 ad
992 1683 1163 1784 organa
1198 1643 1391 1784 g'astrica
1429 1658 1528 1752 sint
1558 1661 1818 1777 referenda,
1853 1665 1932 1756 sed
1972 1668 2113 1764 unice
2148 1672 2209 1766 ad

632 1901 639 1916 ,
701 1809 895 1938 plexum
937 1842 1189 1908 nervorum
1222 1812 1543 1941 gangliosum,
1579 1836 1751 1910 trunco
1784 1819 1970 1914 coeliaco
2006 1809 2220 1918 insidenss

564 2039 566 2044 ,
704 1988 822 2082 tem,
861 1989 1006 2091 atque
1042 2001 1072 2062 a
1109 1967 1189 2062 W
1177 1963 1408 2098 rubergt'o
1445 2003 1635 2072 summo
1675 2006 1788 2072 cum
1827 1974 1931 2104 jure
1965 1959 2209 2076 cerebrum

701 2118 1004 2244 abdominale
1040 2145 1272 2220 vocatum.

773 2285 816 2400 §.
843 2313 953 2374 rio.
988 2280 1099 2376 Tres
1123 2281 1187 2372 rei
1221 2282 1432 2375 cardines
1455 2283 1782 2377 considerandi
1816 2287 2018 2383 veniunt
2043 2290 2094 2382 in
2122 2291 2209 2386 dis·

704 2436 960 2560 quisitione
985 2435 1298 2565 physiologica
1325 2439 1445 2530 cirea
1481 2440 1609 2532 nervi
1632 2442 1958 2569 sympathetici
1985 2466 2208 2540 naturam

702 2625 758 2685 ac
787 2592 1038 2687 indolem:
1076 2581 1136 2684 1.⁰
1160 2593 1285 2684 vires
1320 2624 1516 2719 nempe,
1557 2597 1734 2718 quibus
1770 2596 1940 2724 pollet;
1980 2593 2044 2692 2.⁰
2060 2585 2229 2728 fun0.'

706 2749 876 2860 tiones,
895 2750 1071 2874 quibus
1091 2750 1331 2876 praefectus
1351 2771 1418 2850 est
1429 2787 1441 2857 ;
1479 2739 1544 2849 3?
1563 2748 1729 2850 modus
1747 2734 1828 2847 seu
1848 2749 2206 2870 meahamtmur,

705 2937 802 3029 quo
831 2907 946 3014 vires
974 2927 1269 3042 exseruntur,
1296 2928 1439 3031 atque
1471 2906 1739 3014 functiones
1767 2908 2093 3040 perficiuntur.

778 3065 811 3154 l.
833 3061 979 3180 Quod
998 3065 1057 3156 ad
1077 3065 1290 3189 primum
1309 3063 1486 3159 ,attinet
1508 3065 1770 3181 cardinem,
1790 3067 1892 3159 sine
1912 3043 2060 3172 dubio
2079 3070 2207 3176 nervi

703 3219 1031 3347 sympathetici
1068 3220 1188 3317 rami
1229 3220 1392 3320 eadem
1430 3219 1475 3311 vi
1515 3222 1712 3347 praediti·
1735 3244 1851 3320 sunt
1885 3255 1940 3314 ac
1987 3224 2114 3328 nervi
2155 3224 2207 3322 in

703 3408 895 3503 genere,
935 3377 982 3468 id
1023 3398 1113 3492 est,
1157 3376 1288 3500 quod
1325 3377 1476 3476 sontes
1503 3377 1608 3469 'sint
1642 3379 1865 3506 principii
1897 3377 2072 3494 vitalis,
2109 3411 2207 3503 quo

704 3555 866 3646 tonus,
900 3533 1045 3668 robur
1078 3552 1222 3656 atque
1251 3533 1433 3659 energia
1472 3553 1771 3638 conservatur
1800 3535 2004 3662 organis,
2033 3534 2209 3658 quibus

703 3689 1011 3817 prospiciunt.
1055 3690 1165 3784 Non
1205 3687 1517 3814 improbabile
1555 3689 1742 3796 videtur
1779 3687 1993 3817 ganglia,
2033 3689 2209 3812 quibus

705 3868 897 3940 notatus
924 3867 994 3939 est
1018 3867 1239 3958 truncus,
1269 3866 1503 3967 tanquam
1529 3845 1737 3944 officinas
1758 3877 1849 3938 esse
1872 3843 2207 3946 consideranda

611 4005 615 4010 ’
705 4005 838 4099 istius
874 4001 1120 4130 principii,
1165 3999 1299 4124 quod
1337 4001 1457 4096 rami
1493 4001 1670 4100 interni
1709 4034 1791 4094 seu
1831 4001 2112 4129 egredientes
2147 4001 2208 4114 ad

703 4163 872 4254 viscera
897 4161 1107 4272 ducunt,
1134 4178 1183 4252 at
1210 4155 1346 4282 cujus
1374 4176 1546 4256 natura
1578 4155 1721 4282 plane
1747 4187 1833 4250 nos
1861 4154 1987 4260 latet
2031 4155 2208 4283 Rejicio

705 4317 980 4445 opinionem
1000 4345 1184 4426 eorum,
1197 4311 1281 4436 qui
1297 4309 1838 4440 gangliis'mechanicum
1855 4332 2049 4406 tantum
2066 4343 2208 4405 usum

704 4473 979 4568 adscribunt
1006 4469 1070 4591 (l.
1094 4469 1212 4598 97),
1242 4467 1527 4594 judicantes‚
1558 4468 1793 4571 mistionis
1823 4489 1967 4590 atque
1989 4465 2210 4580 distribu-

704 4629 848 4724 tionis
866 4625 1220 4722 filamentorum
1243 4643 1377 4720 causa
1401 4621 1771 4722 casolummodo
1787 4623 1954 4720 ,adesse
1977 4623 2035 4716 ln
2054 4622 2208 4748 prima

703 4784 906 4879 sectione
927 4781 1073 4907 hujus
1096 4801 1322 4882 tractatus
1346 4779 1483 4894 evici,
1516 4809 1768 4872 nervorum
1786 4775 1969 4906 ganglia
1991 4808 2092 4870 non
2118 4757 2210 4870 esse

698 4935 874 5072 plexus
887 4930 1138 5046 resolutos,
1157 4935 1496 5050 execratione,
1515 4934 1650 5057 quia,
1662 4955 1827 5060 praeter
1838 4930 2046 5025 ramulos
2064 4953 2211 5026 tener·

705 5099 875 5212 rimOS,
908 5091 1035 5185 vario
1061 5091 1204 5183 modo
1236 5093 1361 5192 inter
1385 5122 1432 5183 se
1465 5121 1628 5205 nexos,
1652 5088 1784 5181 aliud
1814 5087 1933 5212 quid
1962 5089 2209 5213 reperitur„

702 5289 785 5358 seu
809 5249 1024 5346 materies
1050 5246 1173 5364 alia,
1204 5277 1309 5370 quaa
1339 5244 1553 5361 mollior,
1580 5266 1724 5368 atque
1751 5244 1896 5373 magis
1913 5264 2211 5360 tomentosa,
