5080 6812
1345 611 1422 759 co'
1557 671 1561 678 ·

635 846 686 940 in
716 850 814 978 ipso
846 849 1035 950 thorace
1058 856 1110 950 in
1135 851 1334 952 nerium
1364 843 1592 952 octavum
1617 843 1897 967 finiebatur,
1922 848 1995 944 vel
2024 841 2137 946 cum

635 1027 764 1130 aorta
805 1009 857 1103 in
903 1012 1140 1107 abdomen
1185 1015 1466 1108 descendens
1510 1010 1695 1142 ganglio
1744 1003 2021 1105 semilunari
2061 1005 2147 1102 uel·

634 1162 792 1293 pleimi
808 1164 962 1292 'solari
1001 1161 1363 1264 immiscebatur.
1416 1167 1430 1250 ζ
1483 1215 1490 1240 ·
1709 1281 1711 1290 A

708 1299 798 1414 Hic
834 1353 1003 1418 nervus
1013 1323 1032 1443 ,‘
1068 1358 1241 1450 quem,
1293 1321 1487 1453 excepto
1524 1319 1774 1454 Ludwigio
1784 1391 1800 1434 ,
1844 1354 1987 1416 nemo
2031 1350 2147 1413 ana-

638 1453 923 1574 tomicorum
951 1480 1222 1610 descripsit„
1243 1501 1275 1575 a
1296 1477 1597 1610 Wrisbergio
1619 1472 1717 1607 ipso
1743 1473 1964 1572 nondum
1989 1475 2142 1569 nervis

639 1635 842 1760 corporis
872 1634 1075 1750 humani
1112 1636 1510 1732 constantioribus
1540 1636 1883 1730 adnumeratus
1908 1655 1998 1749 est,
2027 1632 2142 1756 quia

640 1787 692 1882 in
727 1789 864 1883 variis
890 1789 1188 1887 cadaveribus
1215 1794 1385 1888 frustra
1408 1825 1520 1885 eum
1548 1781 1769 1916 quaesivit

695 1941 820 2070 ¹Haec
845 1944 1100 2041 observatio
1123 1948 1321 2042 admissa
1349 1979 1537 2042 causam
1565 1949 1721 2041 forsan
1745 1947 1914 2074 aperit,
1940 1975 2035 2067 qua
2062 1939 2145 2056 fit,

640 2101 717 2216 ut,¹
736 2097 980 2196 deficiente
995 2100 1085 2197 hoc
1102 2137 1211 2200 cum
1232 2104 1385 2199 nervis
1399 2105 1620 2199 cardiacis
1633 2104 1933 2216 commercio,
1946 2132 2025 2192 cor
2041 2128 2145 2190 non·

640 2233 700 2384 iri
721 2257 947 2352 omnibus
977 2256 1256 2355 hominibus
1285 2261 1347 2355 ab
1380 2259 1555 2355 affectis
1584 2256 1741 2355 infimi
1768 2257 1943 2353 ventris
1968 2252 2149 2348 visceri-¹

639 2397 729 2506 bus
757 2395 926 2536 aequali
967 2415 1110 2509 modo
1142 2393 1404 2546 adfligatur.

710 2572 751 2689 S.
785 2561 865 2662 53.
909 2567 1097 2664 Citatus
1129 2569 1293 2664 auctor
1323 2574 1376 2666 in
1412 2569 1725 2669 describendis
1759 2568 1975 2698 plexibus
2006 2565 2151 2659 abdo-

641 2721 901 2845 minalilbus
926 2757 1091 2819 eorum
1120 2757 1379 2821 numerum
1411 2729 1803 2856 praetermodum
1830 2757 2000 2854 augere
2025 2720 2147 2814 mihi
2280 2739 2284 2748 ’

640 2859 838 2972 ridetur.
874 2879 970 2972 Pro
989 2879 1305 3008 peculiaribus
1331 2881 1462 2978 e'n'im
1484 2883 1737 2978 nervorum
1765 2877 2150 2974 intricationibus

643 3033 862 3140 describit
886 3037 1049 3130 omnia
1085 3017 1188 3156 fila,
1220 3038 1324 3165 qusae
1350 3041 1410 3133 ad
1446 3033 1623 3134 diversa
1657 3039 1838 3131 abeunt
1867 3069 1973 3129 vasa
2005 3019 2152 3159 atqu&

645 3222 851 3332 organa:
883 3191 972 3309 sic,
998 3194 1198 3321 exempli
1228 3196 1403 3324 gratia,
1429 3195 1592 3324 plexus
1625 3195 1769 3288 habet
1791 3190 2149 3325 pancratium,

644 3339 951 3457 dtodenales',
994 3345 1271 3463 omentales,
1311 3341 1563 3484 arcticum,
1606 3343 1931 3443 umbilicalem.
1986 3347 2149 3461 Hunc,

646 3501 730 3625 qui
770 3534 796 3593 e
833 3503 1032 3596 surculis
1064 3504 1248 3599 'constat
1281 3540 1453 3601 venam
1490 3504 1814 3601 umbilicalem
1852 3501 2013 3600 versus
2050 3513 2156 3594 um'·

644 3655 847 3750 bilicum
889 3661 1253 3779 comitantibus,
1292 3651 1549 3789 nunquam
1587 3663 1710 3778 vidi,
1749 3659 1858 3756 licet
1894 3695 1922 3754 a
1960 3658 2156 3754 celeber·

647 3815 769 3907 rimo
808 3809 1062 3909 chaussier
1097 3818 1159 3910 sit
1190 3820 1460 3947 descriptus.

723 3970 868 4086 Quod
888 3972 947 4064 ad
978 3972 1142 4100 plexus
1172 3976 1430 4070 omentales
1459 3977 1656 4092 attinet,
1680 3977 1765 4101 qui
1796 3973 2156 4103 componuntur

644 4114 676 4216 ,e
706 4125 848 4218 ramis
877 4127 1096 4220 arteriam
1130 4131 1587 4259 gastro-epiploicam
1620 4134 1835 4227 dextram
1861 4152 2012 4254 atque
2045 4127 2158 4222 sini·-⁴

650 4302 796 4375 stram
823 4281 1200 4407 insequentibus,
1227 4287 1314 4381 hos
1339 4289 1399 4382 ad
1421 4321 1525 4381 vasa
1548 4289 1708 4417 potius
1735 4289 1969 4417 pertinere
1998 4282 2160 4399 credo,

652 4469 755 4532 non
779 4439 838 4530 ad
862 4441 1191 4535 membranam
1212 4445 1385 4571 ipsam,
1407 4447 1536 4571 quod
1561 4444 1897 4572 pronunciavit
1921 4442 2000 4540 W
1989 4434 2159 4534 risber-

650 4594 759 4723 gius
775 4592 815 4687 ¹:
842 4593 933 4688 hoc
955 4598 1085 4691 enim
1113 4600 1334 4720 admisso,
1352 4624 1645 4728 sequeretur,
1665 4603 1999 4729 peritonaeum,
2026 4596 2156 4724 quod

653 4781 818 4843 omnes
849 4750 1106 4884 physiologi
1147 4759 1197 4849 in
1228 4781 1356 4852 statu
1384 4793 1500 4853 sano
1528 4792 1668 4852 sensu
1702 4759 1985 4853 destitutum
2011 4753 2159 4848 existi·

654 4927 813 5025 mant,
847 4939 1010 5034 parvos
1043 4912 1265 5034 quidem,
1301 4917 1380 5009 sed
1418 4912 1596 5010 multos
1636 4914 1842 5044 accipere
1873 4943 2049 5005 nervos.
2100 4911 2158 5001 ln
2300 4976 2306 4988 .

701 5153 711 5182 ¹
735 5153 788 5215 De
810 5149 924 5218 nervis
943 5127 1113 5221 viscerum
1135 5143 1429 5249 mummolum,
1448 5161 1479 5251 §-
1497 5179 1539 5229 ro
1554 5184 1567 5229 ε
1583 5151 1771 5230 comment.
1798 5153 2164 5248 coning.‚v01.xv,

654 5287 689 5350 p·
715 5269 767 5331 rt.
