5080 6812
1075 676 1138 770 83

351 912 484 1004 rant,
501 913 548 984 et
564 912 760 1019 systema
786 868 1087 1018 componunt
1110 925 1136 984 a
1156 892 1331 1020 sph'aera
1351 890 1546 983 animali
1564 911 1855 1018 separatum,

351 1048 428 1138 cui
467 1047 665 1173 propriae
699 1046 814 1174 leges
850 1048 1100 1173 imperant.

423 1181 776 1328 Perceptioncm
813 1205 1007 1326 quidem
1046 1203 1190 1295 habet
1230 1203 1357 1295 istud
1394 1224 1632 1330 systema:
1670 1201 1857 1327 impres¹

350 1359 502 1450 siones
541 1383 721 1484 'nempe
766 1358 953 1484 recipit,
996 1379 1045 1451 et
1085 1380 1249 1450 contra
1291 1391 1364 1450 eas
1415 1359 1587 1485 reagit3
1638 1359 1718 1450 sed
1770 1359 1855 1464 ista

351 1514 586 1640 perceptio
623 1513 674 1604 in
709 1515 899 1639 proprio
928 1535 1091 1606 manet
1127 1514 1384 1627 territorio,
1419 1533 1467 1618 et
1497 1513 1690 1606 cerebro
1716 1513 1855 1606 {haud
1901 1486 1906 1494 ’

352 1669 747 1761 communicatur.
771 1670 828 1760 ln
845 1691 970 1761 statu
986 1701 1120 1784 sano,
1139 1691 1336 1798 systema
1353 1669 1648 1796 gangliorum
1669 1669 1855 1764 nullam

351 1825 596 1918 manifeste
626 1825 723 1918 vim
757 1826 920 1917 exserit
950 1859 1051 1952 erga
1081 1847 1279 1952 systema
1303 1824 1555 1937 cerebralc‚
1580 1859 1616 1916 ¹a
1645 1857 1742 1947 quo
1764 1858 1856 1950 sper

350 1998 643 2110 apparatum
678 1981 1029 2110 separatorium
1065 2013 1146 2071 seu
1190 1976 1486 2071 dolatorium
1533 1978 1854 2108 (gangliorum

349 2137 526 2258 seriem
546 2135 597 2225 in
638 2167 778 2226 nervo
810 2132 1179 2262 sympathetico)
1217 2135 1471 2226 dirimitur.

423 2289 512 2383 Sed
541 2289 679 2380 aliter
706 2323 798 2383 sese
825 2289 969 2382 habet
990 2323 1060 2382 res
1083 2292 1134 2383 in
1158 2311 1285 2382 statu
1313 2289 1554 2399 morboso3
1587 2319 1697 2382 cum
1723 2292 1853 2382 enirn

351 2447 403 2538 in
429 2447 580 2538 nervis
606 2444 834 2572 plexuum
868 2446 1334 2538 communicantibus
1358 2447 1425 2538 vis
1457 2467 1654 2573 augetur
1678 2446 1853 2562 vitalis,

347 2599 644 2728 gangliorum
672 2602 853 2694 indoles
879 2602 990 2693 inde
1016 2623 1256 2715 mutatur,
1287 2601 1632 2726 impressiones,
1657 2634 1774 2725 quas
1799 2605 1852 2698 in

320 2815 325 2830 ·
347 2756 597 2850 visceribus
612 2757 860 2882 recipiunt
884 2789 1136 2850 nervorum
1162 2754 1302 2870 fines,
1321 2757 1676 2870 transmittunt,
1696 2777 1747 2850 et
1767 2758 1852 2850 ista

346 2910 528 3040 ganglia
552 2910 681 3004 fiunt
705 2907 1034 3024 conductorem
1061 2915 1180 3006 dum
1207 2933 1346 3005 antea
1366 2932 1516 3006 essent
1538 2943 1633 3005 non
1650 2910 1856 3008 ‹conduc-
1912 2997 1914 3004 ,

350 3086 476 3160 tores
504 3102 585 3160 seu
617 3063 878 3164 isolatoras.

414 3225 522 3328 ¹Hoc
540 3245 709 3350 sponte
724 3221 781 3316 fit
801 3225 852 3316 in
871 3225 1005 3316 certis
1027 3224 1304 3316 morborum
1320 3226 1584 3352 generibus,
1602 3225 1855 3348 dequibus

349 3382 400 3472 in
421 3383 557 3473 tertia
575 3379 729 3504 hujus
744 3402 978 3472 tractatus
998 3380 1201 3472 sectione
1226 3382 1314 3472 erit
1337 3415 1500 3473 sermo.
1541 3381 1632 3476 Sed
1660 3383 1851 3478 inventa

347 3560 415 3628 est
439 3537 512 3626 via
540 3536 754 3657 quaedam
782 3556 925 3658 atque
947 3537 1065 3626 ratio
1088 3568 1183 3659 qua
1203 3536 1319 3626 effici
1347 3559 1521 3662 potest,
1546 3560 1601 3632 ut
1621 3539 1854 3665 separatio

347 3691 532 3818 sphaerae
570 3689 789 3782 animalis
823 3723 849 3781 a
879 3691 1129 3818 vegetativa
1169 3688 1391 3802 tollatur,
1432 3713 1479 3784 et
1513 3695 1851 3788 commercium

350 3847 607 3938 intercedat
641 3845 766 3936 inter
797 3845 913 3938 duas
941 3846 1076 3937 hasce
1108 3846 1325 3971 sphaeras,
1354 3846 1617 3972 ratpertus
1644 3850 1740 3941 duo
1764 3884 1853 3976 sys-

343 3977 522 4096 temata
551 4003 603 4093 in
634 4033 790 4093 unum
826 4002 959 4124 quasi
992 4002 1263 4094 coalescant.
1304 4005 1392 4094 Per
1415 4005 1849 4131 magnetismi‚=qui

350 4157 524 4249 dicitur
552 4156 794 4270 animalis,
822 4158 942 4267 vim,
973 4189 1078 4279 quae
1109 4156 1222 4250 salso
1253 4181 1299 4250 et
1329 4190 1499 4286 magno
1530 4160 1853 4288 cumphysio-
1910 4191 1914 4200 ·

348 4311 477 4440 logiae
504 4312 787 4405 detrimento
818 4313 963 4440 nugis
982 4337 1388 4406 annumeratura
1418 4313 1597 4405 levibus
1629 4315 1851 4442 ingeniis,
1978 4319 1981 4324 ’

350 4471 598 4561 certissime
629 4469 1053 4594 constat‚-sphaerae
1088 4469 1285 4561 animali
1315 4503 1464 4592 usque
1496 4471 1555 4559 ad
1587 4470 1757 4562 intima
1784 4507 1853 4565 or·

328 4629 577 4752 'ganerum
613 4624 868 4751 penetralia
893 4626 1093 4718 aditum
1122 4623 1275 4750 parari
1303 4658 1457 4752 posse,
1503 4625 1593 4740 ita,
1642 4649 1697 4717 ut
1730 4662 1854 4722 conr·

349 4781 578 4874 mercium
615 4804 833 4872 nascatur
876 4779 1106 4876 intimum
1131 4781 1267 4872 inter
1300 4781 1542 4873 cerebrum
1580 4780 1851 4907 etplexum

346 4937 557 5029 solarem.
589 4938 1061 5029 ¹Innumeraadsunt
1090 4939 1433 5062 experimenta,
1468 4970 1572 5062 quae
1588 4938 1852 5059 evincunt,

351 5094 480 5215 quod
512 5119 679 5184 somno
708 5093 1195 5219 magneticoobsopiti
1214 5125 1307 5218 ‘per
1336 5095 1657 5222 epigastrium,
1694 5097 1851 5214 id¹est‚·

348 5247 638 5375 perplexum
656 5247 870 5361 solarem,
890 5270 1122 5371 tanquam
1137 5271 1353 5342 centrum
1374 5250 1558 5375 sphaerae
1573 5251 1874 5378 vegetativee‚·
1923 5219 1931 5236 ι
