5080 6812
1076 750 1142 866 29'

353 953 507 1044 ramos
527 980 741 1046 nervosos
762 955 1005 1048 numeravi
1029 957 1089 1048 ad
1116 986 1278 1050 renem
1303 957 1713 1051 succenturiatum·
1733 949 1870 1076 (der-¹

352 1106 515 1225 trum)
561 1111 836 1224 tendentes,
876 1143 1084 1235 quorum
1133 1135 1223 1206 tres
1266 1113 1508 1242 egan'glio
1549 1114 1856 1231 semilunari,

352 1265 570 1387 quinque
597 1297 704 1356 vcro
731 1300 756 1357 e
780 1265 922 1393 plexu
954 1268 1102 1361 renali
1134 1266 1562 1395 proficiscebantur.

423 1419 658 1514 Decursus
691 1421 866 1515 horum
905 1456 1157 1516 nervorum
1196 1447 1318 1518 recta
1354 1446 1594 1552 porrectus
1625 1445 1725 1518 est:
1755 1447 1856 1518 non

351 1569 655 1692 dividuntur,
688 1580 1168 1673 nec'anastomosibus
1197 1583 1321 1673 inter
1342 1614 1389 1672 se
1414 1580 1703 1709 junguntur,
1726 1603 1857 1674 ante-

349 1762 498 1855 quam
530 1731 808 1860 glandulam
830 1736 1107 1829 subintrant
1121 1759 1142 1845 3'
1169 1767 1325 1859 neque
1355 1736 1530 1827 tunicis
1557 1734 1855 1850 arteriarum,

350 1909 468 2010 quas
506 1891 823 2006 comitantur,
861 1914 986 1984 arcte
1022 1913 1343 2008 accreverunt,
1386 1893 1464 1992 sed
1506 1890 1597 1985 tela
1628 1888 1856 1984 ‘cellulosa

349 2043 612 2136 admodum
649 2044 751 2138 laxa
788 2047 914 2150 uniti
945 2066 1072 2140 sunt.

420 2198 531 2290 Albi
568 2200 619 2292 in
648 2233 813 2328 genere
842 2221 958 2294 s'unt
988 2202 1107 2293 rami
1138 2202 1190 2292 hi
1227 2201 1402 2316 nervei,
1440 2231 1540 2292 non
1573 2201 1705 2294 rubri
1718 2271 1735 2317 ,⁸
1768 2233 1856 2294 nec

349 2351 537 2468 molles,·
557 2354 635 2446 sed
661 2356 769 2448 satis
796 2353 936 2450 firmi.
967 2359 1075 2452 Non
1103 2353 1301 2448 minoris
1326 2377 1441 2448 sunt
1466 2355 1682 2448 diametri
1708 2383 1863 2479 quam*

346 2513 451 2598 vasa
474 2511 691 2604 arteriosa
722 2512 842 2638 ipsa;
869 2512 1158 2636 quandoque
1184 2513 1327 2604 etiam
1354 2509 1446 2604 illis
1475 2509 1711 2603 crassiores
1733 2512 1858 2604 wride-

295 2633 305 2648 .
344 2659 535 2757 bantur.

418 2819 527 2913 Haec
555 2846 691 2938 sunt,
725 2857 831 2949 quae
855 2827 914 2920 de
942 2824 1157 2952 plexibus
1188 2823 1392 2918 nervosis
1424 2820 1718 2936 abdominis,
1753 2842 1856 2916 tan·

346 3003 493 3100 quam
525 2981 864 3106 propaginibus
891 2983 1019 3073 nervi
1048 2979 1342 3108 splanchnici
1376 2977 1566 3103 majoris
1600 2997 1744 3099 atque
1770 2977 1865 3068 mis

345 3131 496 3247 noris,
526 3133 617 3224 dici
649 3157 906 3227 merentur.
950 3131 1093 3233 Nunc
1128 3137 1252 3228 ordo·
1273 3134 1502 3228 sermonis
1531 3133 1591 3223 ad
1623 3153 1853 3224 truncum

345 3289 475 3379 nervi
517 3289 824 3390 intercostalis
860 3323 947 3382 nos
989 3313 1210 3384 revertere
1248 3289 1398 3418 cogit,
1444 3321 1541 3412 quo
1581 3285 1852 3381 ulteriorem

343 3440 444 3568 ejus
472 3445 722 3538 decursum
756 3467 900 3569 atque
934 3441 1297 3538 ramificationes
1334 3447 1575 3538 rimemur.

414 3604 455 3719 l.
481 3607 561 3725 39,
598 3600 888 3720 Datishenim
913 3602 1100 3694 duobus
1121 3595 1272 3695 nervis
1289 3599 1625 3726 splanchnicis‚
1653 3619 1852 3692 truncus

343 3752 428 3846 iste
467 3787 552 3880 per
584 3755 774 3850 hiatum
812 3757 1061 3884 proprium
1104 3757 1229 3848 inter
1268 3754 1544 3847 fasciculum
1586 3754 1850 3844 secundum

342 3930 389 4002 ct
420 3911 614 4003 tertium
650 3944 844 4004 crurum
883 3911 1249 4040 diaphragmatis
1275 3911 1327 4002 in
1355 3909 1590 4002 abdomen
1621 3929 1849 4035 penetrat.
1905 3939 1910 3948 ·

340 4063 594 4160 Descendit
617 4066 758 4194 super
777 4066 902 4160 latus
925 4067 1178 4193 corporum
1199 4065 1519 4160 vertebrarum
1539 4060 1848 4177 lumbalium,

340 4253 496 4314 versus
530 4223 763 4316 anteriora
799 4255 846 4314 se
877 4222 1104 4315 ferendo:
1133 4253 1231 4346 quo
1272 4217 1348 4334 fit,
1382 4240 1437 4312 ut
1468 4219 1692 4313 remotior
1723 4218 1783 4310 sit
1821 4249 1856 4311 a·
1920 4313 1924 4320 ,

340 4375 653 4469 foraminibus
674 4377 1151 4491 intervertebralibus,
1168 4397 1215 4468 et
1235 4377 1355 4469 rami
1373 4374 1701 4468 anastomotici
1723 4375 1848 4466 inter

341 4530 498 4658 ipsum
531 4554 589 4626 et·
614 4565 778 4626 nervos
807 4531 1041 4625 lumbales
1073 4533 1171 4625 sint
1201 4530 1442 4659 longiores.
1489 4529 1616 4622 Cum
1645 4561 1752 4621 vero
1777 4528 1848 4620 'ad

337 4686 512 4818 pelvim
547 4690 780 4815 pervenit,
816 4688 1131 4781 foraminibus
1165 4685 1417 4780 sacralibus
1440 4717 1623 4784 ,rursus
1652 4681 1708 4775 fit
1744 4715 1847 4810 pro-

338 4844 593 4970 pinquior,·
620 4849 668 4940 et'
690 4829 897 4970 denique
928 4846 988 4938 ad
1017 4844 1277 4937 eorundem
1309 4839 1570 4967 marginem
1606 4840 1859 4967 appositus

335 5021 414 5092 δί.

408 5155 594 5288 Accipit
637 5159 689 5252 in
732 5193 817 5254 suo
853 5145 1021 5253 itinere
1058 5191 1084 5249 a
1126 5155 1291 5279 quovis
1332 5182 1473 5241 nervo
1506 5147 1706 5240 lumbali
1747 5150 1843 5243 duo

337 5313 397 5406 ad
427 5335 518 5408 tres
558 5349 711 5411 ramos
737 5316 931 5441 oblique
963 5339 1110 5443 super
1127 5311 1270 5403 latera
1303 5304 1623 5396 vertebrarum
1662 5305 1845 5397 descen-
