5080 6812
1410 655 1477 774 84

693 861 1071 994 11111111111
1104 871 1381 982 audiverint.
1418 874 1556 968 Curl
1588 870 1715 989 Quia
1748 871 1894 967 fracto
1928 905 2014 999 per
2047 878 2198 968 mani

691 1024 959 1150 pulatione's
996 1029 1277 1156 magneticas
1309 1029 1433 1121 inter
1471 1031 1586 1123 duas
1615 1028 1814 1155 sphaeras
1848 1060 2062 1123 nervosas
2093 1033 2200 1125 suh

692 1180 882 1274 sistente
907 1183 1268 1308 impedimento,
1291 1206 1437 1307 atque
1455 1186 1590 1276 omni
1616 1175 1858 1278 obstaculo
1877 1207 2082 1300 remoto,
2111 1187 2199 1282 iter

691 1339 980 1470 patefactum
995 1362 1062 1431 est
1075 1341 1365 1433 continuum
1383 1373 1408 1431 1
1425 1342 1531 1434 sede
1548 1341 1739 1435 sensorii
1761 1342 2031 1432 communis
2049 1374 2199 1465 usque

693 1495 753 1584 ad
784 1493 947 1619 plexus
977 1494 1316 1609 abdominales,
1349 1517 1417 1610 et,
1444 1517 1500 1588 ut
1528 1495 1593 1614 ita
1625 1496 1803 1612 dicam,
1835 1494 2079 1592 cerebrum
2103 1529 2197 1592 sese

610 1716 616 1732 .
694 1649 924 1746 immersit
957 1651 1009 1741 in
1044 1651 1357 1778 epigastrium.

764 1809 840 1900 En
864 1808 1077 1900 doctrina
1096 1807 1272 1900 summi
1295 1804 1553 1938 physiologi
1578 1827 1859 1934 praematura
1885 1829 2038 1900 morte
2055 1805 2199 1901 scien-

694 1961 771 2052 tiis
798 1964 942 2088 erepti
961 1969 978 2066 l¹

706 2147 722 2179 ·
764 2123 803 2236 3.
830 2151 941 2208 111.
967 2117 1209 2210 Omnibus
1232 2117 1479 2241 hucusque
1502 2117 1697 2244 prolatis
1719 2093 2003 2210 sententiam
2031 2118 2198 2244 adjun-

690 2271 885 2398 gimusa
904 2269 1094 2367 Wilson
1111 2268 1308 2401 Philipp
1323 2271 1333 2305 ¹
1350 2271 1632 2399 evulgatam,
1653 2304 1747 2394 qua
1763 2271 1945 2399 ganglia
1961 2298 2196 2397 tanquam

693 2460 863 2556 organa
886 2429 1264 2541 considerantur,
1288 2431 1339 2518 in
1361 2429 1536 2551 quibus
1554 2428 1709 2521 omnis
1729 2449 2030 2522 concentrata
2047 2451 2114 2521 est
2131 2431 2198 2522 vis

692 2582 906 2698 nervosa,
930 2617 1033 2707 quae
1061 2618 1088 2675 a
1115 2584 1256 2676 ramis
1283 2583 1762 2712 illaingredientibus
1784 2607 1987 2679 emanat.
2020 2588 2197 2681 Nervus

692 2739 1058 2868 sympatheticus
1084 2740 1155 2834 nil
1178 2762 1246 2831 est
1268 2740 1356 2831 nisi
1387 2739 1740 2852 diverticulum,
1765 2741 1895 2862 quod
1921 2740 2017 2832 vim
2040 2773 2198 2835 nervo-

692 2873 815 3008 sam,
841 2928 866 2987 c
887 2895 1071 2987 cerebro
1097 2917 1240 3018 atque
1260 2894 1468 2992 medulla
1488 2895 1660 3021 spinali
1686 2894 1977 3010 effluentem,
2003 2898 2195 3024 accipit,

693 3052 827 3143 etad
862 3083 1027 3146 omnes
1054 3053 1140 3178 ipsi
1176 3052 1406 3177 subjectas
1433 3074 1586 3178 partes
1617 3052 1759 3146 ducit.
1798 3051 1924 3144 Huic
1953 3055 2195 3146 sententiae

692 3208 923 3321 addictus,
943 3227 1086 3331 atque
1104 3209 1163 3298 ad
1184 3208 1430 3332 opiniones
1444 3189 1719 3299 Johasronii
1731 3195 1777 3298 11
1792 3203 1941 3298 Βείἱίἰ
1955 3210 2192 3324 accedens,

697 3363 776 3458 W
768 3362 925 3458 atzer²
958 3365 1142 3458 easdem
1179 3364 1310 3455 novis
1346 3363 1633 3491 argumentis
1672 3363 1970 3456 corroborare
2011 3365 2193 3480 studet,

691 3540 835 3643 atque
856 3519 1183 3644 experimentis
1203 3516 1255 3608 in
1275 3519 1388 3609 vivis
1406 3517 1694 3609 animalibus
1713 3518 1953 3611 institutis.
1989 3521 2194 3614 lrritavit

692 3678 847 3790 enim,
869 3676 992 3768 sicut
1009 3670 1178 3767 Br'clrat
1196 3674 1374 3797 aliique
1398 3676 1559 3786 fecere,
1579 3697 1776 3765 nervum
1798 3675 2195 3802 sympathcticum

690 3831 884 3960 stimulo
917 3811 1215 3943 mechanico,
1246 3851 1293 3921 et
1322 3827 1508 3920 nullam
1540 3829 1707 3919 exinde
1737 3830 2049 3922 sensationem
2076 3831 2197 3925 vidit

691 4009 904 4096 enatam;
925 3989 1108 4101 dum,e
1130 3985 1386 4099 contrario,
1405 3985 1572 4076 lortius
1598 3984 1974 4099 irritamentum,
1995 3985 2194 4114 exempli

691 4144 855 4272 gratia,
884 4175 1020 4270 agens
1043 4140 1365 4270 galvanicum,
1391 4139 1717 4235 vehementem
1745 4139 2051 4267 ejulationem
2082 4143 2196 4235 cxci-

691 4279 862 4391 tavit³:
884 4297 1013 4421 quod
1033 4297 1405 4425 experimentum
1428 4296 1580 4387 ideam
1604 4328 1631 4386 a
1650 4292 1806 4387 Ret'lio
1831 4296 2065 4422 prolatam
2087 4329 2196 4391 con·

691 4453 872 4565 firmat;
901 4453 1082 4583 ganglia
1111 4486 1303 4581 nempe,
1326 4453 1541 4577 quamvis
1563 4453 1661 4544 sint
1681 4485 1851 4582 organa
1870 4456 2194 4581 reparatoria,

595 4731 601 4736 Ι
690 4633 852 4704 tamen
902 4611 1037 4703 certis
1084 4609 1174 4702 sub
1219 4609 1573 4703 conditionibus
1619 4611 1671 4701 in
1714 4603 2019 4700 conductores
2062 4638 2193 4736 posse

734 4819 745 4848 ¹
770 4811 866 4878 Phil.
890 4817 1072 4886 Tramart,
1091 4816 1195 4900 1818,
1209 4835 1248 4897 p.
1267 4837 1281 4876 1
1301 4821 1336 4876 et
1352 4833 1369 4877 1
1394 4812 1571 4899 (Meclela
1589 4812 1767 4876 deutschet
1779 4808 1911 4888 Archiv
1921 4807 1958 4900 f.
1971 4812 2004 4875 d.
2017 4808 2196 4903 Physiol..

690 4939 767 5003 uter
784 4931 905 5004 Band,
925 4953 962 5012 p.
984 4929 1085 5013 aas).
1121 4928 1181 4992 W.
1202 4925 1367 5012 Philipp,
1397 4927 1459 4992 An
1483 4923 1741 5012 experimenta!
1762 4924 1905 5017 inquiry
1926 4921 2002 4992 into
2025 4927 2082 4992 tlte
2106 4931 2220 5020 lawa·

689 5041 739 5136 af
748 5045 805 5108 tlr'e
819 5039 910 5108 vital
918 5039 1126 5132 sanctione,
1152 5051 1230 5124 etc.;
1251 5043 1380 5109 second
1399 5037 1497 5118 edit,
1518 5043 1651 5130 Lora,
1676 5045 1779 5130 1818,
1801 5042 1900 5132 clap·
1919 5041 1988 5110 ΙΧ.

735 5162 808 5226 ¹1.
833 5181 881 5243 c.,
903 5179 937 5242 p.
966 5161 1026 5221 181
1056 5167 1180 5242 etseq.

619 5296 625 5308 ¹
734 5265 931 5358 ’1.1.,3.
959 5273 1032 5335 118.
