5076 6816
1381 677 1491 786 δ152

746 1002 749 1008 ,
766 907 806 1026 l.
832 908 943 1020 143,
969 901 1338 1030 ahelatasaccepi
1358 901 1575 996 historias
1597 900 1876 994 morborum
1897 901 2035 995 binas
2051 903 2203 1028 ¹,·quae

698 1059 994 1189 gangliorum
1048 1058 1410 1152 semilunarium
1457 1057 1890 1151 inflammationem
1936 1058 2203 1154 luculenter

699 1215 950 1309 declarant.

770 1371 905 1462 Prior
923 1372 979 1463 de
1000 1372 1099 1463 viro
1115 1369 1208 1498 agit
1228 1367 1536 1497 quadraginta
1555 1390 1733 1494 septem
1752 1400 2011 1481 annorum,
2027 1368 2103 1460 cui
2121 1400 2204 1493 per

649 1527 1077 1653 ⁸amputationem
1107 1524 1292 1618 ablatus
1310 1527 1462 1616 luerat
1488 1546 1650 1617 tumor
1680 1523 2202 1651 fibro-cartilaginum,

698 1684 843 1808 spinae
867 1683 989 1774 dorsi
1017 1682 1116 1774 laxe
1139 1681 1386 1773 adhaerens.
1426 1681 1535 1774 Post
1565 1683 1770 1773 duorum
1797 1712 2038 1772 annorum
2066 1681 2206 1769 inter-

701 1836 902 1953 vallum,
918 1838 1121 1930 secunda
1146 1837 1244 1930 vice
1267 1808 1594 1929 nosocomium
1618 1838 1754 1963 petiit
1773 1869 1904 1963 aeger,
1927 1834 2203 1963 efflagitanS,

703 2014 760 2085 ut
789 1993 908 2085 alius
939 2015 1123 2107 tumor,
1157 1993 1240 2116 qui
1271 1994 1357 2118 ipsi
1386 2015 1733 2117 supervenerat,
1765 1991 2128 2100 exscinderetur,
2159 2009 2207 2080 et

703 2147 776 2272 cuj
783 2181 837 2238 us
848 2180 1033 2240 summa
1049 2149 1169 2240 cutis
1182 2147 1477 2238 inflammata
1491 2171 1588 2240 erat
1600 2171 1646 2240 et
1658 2149 1873 2240 ulcerata.
1889 2144 2059 2239 Sumto
2076 2145 2207 2270 prius

703 2325 956 2431 purgante,
982 2325 1029 2394 et
1051 2303 1214 2394 eodem
1237 2326 1485 2396 momento
1505 2305 1791 2432 refrigerium
1815 2336 1972 2430 passus
1996 2322 2207 2425 tempore

688 2457 900 2585 ,pluviali
931 2457 1102 2550 mensis
1129 2452 1374 2570 Octobris,
1402 2459 1563 2550 statim
1592 2460 1754 2551 trismo
1781 2479 2018 2583 correptus
2042 2455 2135 2547 luit
2160 2475 2208 2546 et

706 2613 1030 2739 opisthotono,
1060 2614 1145 2735 qui
1178 2634 1283 2737 post
1313 2614 1521 2705 duorum
1550 2615 1734 2705 dierum
1767 2615 1974 2740 spatium
2005 2631 2206 2703 mortem

705 2791 1018 2896 paraverunt,
1055 2768 1279 2860 omnibus
1312 2769 1667 2862 medicamentis
1705 2771 1940 2862 incassum
1972 2766 2210 2862 adhibitis,

706 2924 881 3051 Aperto
896 2925 1130 3036 cadavere,
1142 2922 1211 3015 nil
1224 2925 1461 3016 detectum
1479 2927 1571 3018 luit
1588 2926 1696 3040 nisi,
1718 2923 1883 3018 1.⁰rete
1895 2923 2207 3037 vasculosum,

707 3080 935 3209 sanguine
950 3079 1201 3206 impletum
1221 3081 1280 3171 ad
1297 3077 1588 3205 superficiem
1606 3080 1822 3173 medullae
1836 3078 2049 3206 spinalis,
2062 3099 2109 3170 ct
2122 3077 2208 3170 seri

708 3234 841 3328 effusi
860 3237 992 3362 copia
1018 3237 1140 3328 intra
1158 3267 1344 3329 saccum
1365 3269 1391 3328 a
1409 3237 1526 3328 dura
1546 3259 1695 3330 matre
1710 3235 2010 3329 efformatum
2022 3274 2034 3346 ;
2060 3221 2126 3326 2.⁰
2142 3235 2211 3326 in-

687 3459 693 3472 .
710 3390 976 3494 flammatio
996 3388 1290 3518 gangliorum
1310 3389 1670 3483 semilunarium
1695 3393 1955 3485 admodum
1978 3390 2211 3484 distincta.

780 3546 939 3640 Altera
973 3545 1197 3636 morbum
1242 3546 1599 3672 comprehendit
1642 3548 1852 3641 mulieris
1899 3547 2088 3676 triginta
2136 3577 2212 3638 sex

711 3734 975 3816 annorum,
1006 3733 1109 3824 quae
1141 3702 1193 3793 in
1227 3703 1429 3794 secunda
1468 3681 1551 3795 sne
1582 3705 1854 3830 graviditate
1888 3704 2089 3796 vomitui
2121 3702 2213 3795 fuit

712 3858 912 3952 obnoxia
937 3891 1019 3983 per
1047 3877 1205 3950 totum
1224 3858 1491 3987 gestationis
1510 3882 1706 3986 tempus.
1754 3860 1976 3955 Substitit
2003 3860 2087 3954 iste
2108 3879 2214 3985 post

710 4013 1039 4142 puerperium,
1064 4035 1114 4105 at
1140 4014 1303 4106 mitior
1320 4014 1485 4108 saltem
1512 4016 1660 4108 lactus
1682 4038 1749 4108 est
1770 4005 1839 4108 ab
1853 4016 2043 4143 herpete
2069 4015 2215 4107 fursu-

714 4202 844 4265 raceo
865 4171 915 4261 in
943 4189 1140 4294 pectore
1154 4192 1202 4262 et
1223 4170 1425 4274 brachiis
1444 4193 1596 4264 enato.
1633 4173 1706 4264 Ad
1733 4172 1877 4265 istum
1892 4194 2070 4265 statum
2094 4203 2216 4262 mor·

712 4327 883 4420 bosum
919 4348 1199 4418 accesserant
1227 4348 1384 4452 postea
1411 4329 1771 4421 intumescentia
1798 4327 2069 4456 phlogistica
2090 4357 2213 4455 genu

715 4481 891 4594 sinistri
912 4501 959 4572 et
984 4480 1233 4596 diarrhoea,
1258 4513 1352 4604 qua
1373 4483 1753 4608 superveniente,
1781 4482 2119 4610 profligabatur
2140 4513 2216 4573 vo

716 4639 863 4731 m'itus
885 4633 982 4729 tam
1001 4638 1216 4762 pertinax
1231 4659 1278 4730 et
1288 4670 1371 4763 per
1382 4660 1472 4732 tres
1490 4641 1581 4733 sere
1594 4672 1745 4734 annos
1765 4640 2080 4733 continuatus.
2096 4637 2217 4730 Tan·

723 4795 830 4886 dem
849 4825 1003 4884 exorsa
1025 4812 1091 4885 est
1113 4794 1252 4886 sebris
1268 4794 1468 4911 hectica,
1493 4828 1615 4919 quae,
1631 4795 1748 4890 vires
1768 4794 2102 4908 exhauriendo,
2122 4792 2218 4884 len-

721 4919 822 5043 tam
844 4980 1005 5050 necem
1024 4949 1220 5042 adduxit
1237 4952 1412 5045 miserae
1431 4952 1504 5046 isti
1522 4953 1718 5045 feminae.
1742 4952 1986 5046 Cadaveris
2003 4948 2216 5042 lustratio

769 5189 778 5218 ¹
805 5185 875 5246 Has
905 5179 1157 5246 observationes
1185 5201 1319 5247 mecum
1346 5183 1610 5248 communicavit
1636 5183 1816 5254 medicine
1844 5186 1963 5250 doctor
1988 5178 2217 5256 Aromata,

722 5295 916 5365 nosocomii
937 5287 1192 5380 Argentinensis
1213 5297 1396 5384 chirurgus
1418 5297 1671 5365 solertissimus.
