5080 6812
1410 715 1475 808 28

758 928 1042 1052 Priusquam
1072 930 1202 1022 nervi
1231 928 1410 1024 renales
1433 951 1527 1058 per'
1542 927 1700 1064 hilum
1730 930 1854 1024 renis
1884 930 2088 1048 intrant,
2119 938 2197 1029 ad-

683 1106 799 1178 sunt
822 1085 998 1178 surculi
1029 1086 1213 1210 aliquot
1243 1085 1402 1204 exiles,
1434 1088 1520 1213 qui
1548 1089 1600 1180 in
1626 1086 1885 1214 parietibus
1914 1092 2193 1188 arteriarum

685 1240 930 1334 manifeste
964 1238 1217 1336 finiuntur.
2056 1258 2059 1266 '

759 1394 868 1486 lllos
885 1429 910 1488 e
930 1398 1166 1491 contrario
1186 1430 1438 1493 nervorum
1459 1429 1634 1513 ramos,
1652 1397 1737 1520 qui
1762 1429 1924 1491 renem
1946 1399 2104 1525 ipsum
2124 1400 2202 1493 in·-

683 1551 994 1681 grediuntur,
1047 1586 1147 1645 non
1189 1552 1315 1648 ultra
1358 1556 1546 1649 tertiam
1582 1549 1887 1648 divisionem
1913 1556 2198 1656 arteriarum.

683 1709 903 1835 prosequi
919 1712 1283 1836 possumus;'sed
1302 1711 1358 1828 ii,
1376 1712 1639 1806 admodum
1659 1710 1853 1805 subtiles
1874 1712 2007 1827 facti,
2028 1711 2081 1803 in
2101 1709 2192 1808 tela

686 1862 904 1958 cellulosa
931 1868 1103 1968 extima
1131 1865 1427 1990 evanescunt.

757 2024 800 2142 5.
825 2028 904 2149 37.
941 2024 1280 2118 Producuntur
1303 2059 1328 2117 e
1350 2021 1492 2152 plexu
1517 2023 1665 2117 renali
1689 2020 1862 2116 ramuli
1888 2043 1979 2115 tres
2004 2023 2064 2115 ad
2084 2055 2196 2147 qua·

685 2199 816 2292 tuor,
847 2179 931 2302 qui
952 2212 1063 2273 cum
1089 2181 1205 2274 vasis
1226 2180 1515 2309 spermaticis
1544 2180 1856 2295 descendunt,
1883 2199 1930 2272 et
1950 2201 2193 2307 propterea

677 2327 878 2464 plexum
904 2337 1238 2468 spermaticum
1272 2335 1586 2430 constituunt.
1798 2341 1801 2350 ⁴

758 2489 998 2584 Omnium
1033 2525 1139 2586 vero
1171 2494 1404 2586 minimus
1438 2515 1506 2586 est
1545 2494 1629 2586 iste
1664 2490 1828 2618 plexus
1856 2526 1868 2584 ε
1896 2490 2074 2617 quippe
2106 2489 2190 2612 qui

685 2671 740 2740 ex
767 2643 930 2772 paucis
957 2669 1101 2771 atque
1130 2649 1395 2742 tenerrimis
1423 2645 1515 2741 filis
1535 2646 2036 2770 conflatur,·quorum
2065 2676 2192 2739 unus

683 2804 745 2896 ad
767 2801 997 2897 ureterem
1022 2805 1197 2919 tendit,
1225 2805 1345 2897 dum
1370 2803 1583 2897 ceteriin
1606 2803 1695 2896 tela
1715 2801 1933 2902 cellulosa
1953 2834 2057 2894 vasa
2072 2835 2199 2928 sper·¹

685 2958 856 3050 matica
895 2959 1136 3054 ambiente
1167 2960 1590 3087 perq'uisitionibus
1626 2958 1905 3052 anatomicis
1939 2991 1986 3050 se
2010 2958 2200 3051 subdue

686 3113 824 3230 cunt',
852 3147 938 3208 nec
956 3111 1056 3207 ullo
1076 3117 1219 3232 modo
1237 3148 1395 3240 ¹usque
1420 3116 1480 3208 ad
1499 3113 1749 3206 annulum·
1767 3112 2079 3242 inguinalem‚
2105 3138 2199 3206 neo

685 3274 744 3365 ad
773 3271 927 3366 ovaria
957 3271 1009 3365 in
1045 3271 1234 3365 seminis
1261 3271 1474 3401 progredi
1503 3271 1748 3379 videntur;
1786 3271 1917 3394 quod
1945 3291 2106 3363 tamen
2135 3271 2197 3364 in

685 3428 870 3522 morbis‘
888 3426 1213 3522 testiculorum
1243 3428 1470 3560 organicis
1495 3427 1684 3528 nonita
1710 3457 1757 3522 sc
1780 3425 1970 3544 habere,
1995 3427 2189 3535 inferius

683 3585 938 3681 declarabo.
1448 3605 1450 3612 ’
2064 3673 2067 3676 .

754 3743 1021 3873 Distinguit
1065 3743 1145 3840 W
1132 3740 1283 3838 alter¹
1327 3747 1388 3841 ab
1427 3747 1515 3840 isto
1552 3745 1705 3875 plexu·
1740 3747 2018 3873 spermatico
2058 3771 2190 3869 supe·

684 3895 794 3992 riori
816 3899 991 4015 alium,
1023 3933 1168 4027 quem
1198 3902 1470 4028 irfferiorem
1492 3903 1720 4030 appellat,
1749 3924 1798 3996 et
1827 3933 1971 4026 quem
1998 3933 2032 3994 e⁴
2047 3899 2187 4028 plexu

682 4056 875 4150 deducit
903 4058 1122 4150 arteriam
1152 4059 1335 4150 aortam
1363 4057 1626 4173 ambiente,
1653 4058 1729 4150 cui
1754 4052 1955 4188 ganglia
1985 4085 2191 4186 sperma·

684 4211 780 4304 tica
805 4213 1013 4308 immista
1043 4232 1170 4305 sunt
1210 4213 1334 4304 Rene
1361 4219 1743 4336 nosco'nerream
1774 4211 1907 4308 illam
1935 4211 2191 4306 intricatio·

683 4389 822 4482 nem,
865 4369 923 4460 de
961 4400 1056 4493 qua
1094 4397 1360 4460 sermonem
1398 4367 1510 4460 sacit
1555 4366 1636 4463 W
1623 4363 1771 4479 alter,
1822 4389 1869 4463 et
1904 4400 2010 4492 quae
2049 4367 2190 4494 potis-

681 4527 858 4621 simum
886 4559 913 4616 a
941 4521 1033 4616 filis
1062 4556 1087 4617 e
1123 4544 1295 4617 trunco
1323 4522 1608 4638 intercostali
1645 4524 2030 4652 provenientibus
2059 4519 2189 4618 effor-

681 4705 865 4793 matum
894 4681 973 4775 sed
1003 4675 1055 4777 ea
1090 4677 1251 4775 nullos
1283 4680 1491 4776 ramulos
1530 4680 1730 4798 emittit,
1760 4681 1877 4774 vasis
1901 4665 2202 4807 spermaticis

680 4841 904 4971 proprios.

752 5003 794 5121 5.
825 4996 904 5092 38.
940 4983 1087 5116 Quod
1127 4993 1301 5089 attinet
1332 4994 1392 5086 ad
1423 4985 1623 5126 plexum
1645 4984 2044 5124 ,suprarenalem,
2085 5008 2191 5085 octo

729 5247 739 5276 ¹
762 5243 803 5310 J·
825 5241 876 5308 H·
904 5241 1062 5316 Walter,
1089 5241 1213 5305 tabula
1240 5259 1427 5316 nervorum
1449 5238 1599 5310 thoracis
1622 5247 1656 5328 et
1683 5237 1890 5308 abdominis·
1922 5239 2053 5326 Batoi„
2084 5239 2188 5328 178³,

681 5359 742 5426 sol·
762 5377 869 5444 maxa,
890 5358 957 5423 tab.
976 5379 1012 5446 r,
1032 5357 1080 5422 tu·
1098 5357 1177 5424 ¹³05.
