5080 6812
1394 701 1421 760 2

655 886 817 980 thetici
856 917 958 980 non
993 885 1198 1014 amplius
1233 908 1468 1010 tanquam
1505 885 1640 1014 origo
1677 905 1821 1010 atque
1840 888 1969 1012 fons
2000 887 2165 984 haberi

655 1045 813 1173 coepit,
837 1045 916 1137 sed
936 1042 1236 1136 solummodo
1261 1064 1494 1166 tanquam
1518 1035 1706 1153 modus,
1733 1074 1831 1166 quo
1850 1045 1991 1160 rami,
2011 1078 2038 1136 a
2058 1078 2168 1174 gan-

654 1199 747 1331 glio
765 1199 973 1291 cervicali
992 1231 1213 1328 supremo
1235 1193 1536 1326 egredientes,
1556 1229 1712 1290 versus
1732 1220 1877 1325 eaput
1891 1182 2178 1296 ascendunt.¹

728 1356 855 1448 Huic
883 1356 1126 1450 sententiae
1157 1355 1398 1468 accedens,
1431 1386 1536 1478 quae
1567 1354 1686 1445 circa
1720 1357 2065 1448 extremitatem
2101 1391 2169 1450 ce·

655 1509 896 1640 phalioam
945 1511 1075 1605 nervi
1119 1512 1252 1605 istius
1300 1511 1535 1604 observavi
1579 1509 1867 1622 describam,
1918 1514 2169 1652 incapite

657 1668 864 1762 seeundo
888 1668 948 1760 ad
979 1668 1357 1792 disquisitionem
1385 1665 1658 1762 historicam
1691 1698 1964 1762 reversurus.

729 1830 770 1946 §.
795 1855 837 1916 2.
872 1825 1074 1918 Enervo
1097 1825 1360 1917 abducente
1387 1845 1480 1918 tres
1507 1823 1715 1917 ramulos
1742 1825 1838 1916 vidi
1866 1825 2167 1953 egredientes,

657 2003 781 2076 retro
809 2004 999 2096 euntes,
1034 2015 1116 2076 scu
1142 2013 1254 2074 cum
1286 1980 1568 2086 continuato
1596 2001 1767 2074 trunco
1797 1982 1927 2074 nervi
1959 1982 2167 2108 praedicti

659 2136 890 2267 angulum
914 2139 1172 2232 formantes
1195 2135 1445 2252 obtusum,
1472 2137 1649 2230 arteriae
1678 2137 1873 2232 carotidi
1900 2137 2167 2265 impositos,

656 2327 805 2422 prope
825 2287 1012 2387 tertiam
1034 2294 1252 2387 carotidis
1278 2292 1527 2408 flexuram,
1554 2293 1749 2420 plexum
1778 2295 2040 2388 formantes
2061 2328 2170 2423 gan-

657 2449 884 2579 gliosum,
917 2451 1266 2565 rubicundum,
1296 2449 1374 2542 cui
1405 2446 1711 2544 filamentum
1741 2483 1767 2540 a
1797 2482 1939 2543 nervo
1961 2451 2170 2546 Vidiano

658 2609 856 2702 accessit.
917 2609 988 2701 Ex
1033 2608 1121 2700 isto
1160 2605 1373 2736 ganglia,
1409 2627 1574 2733 praeter
1611 2604 1912 2700 surculorum
1946 2607 2169 2702 mollium

661 2763 902 2857 fasciculos
932 2766 1075 2878 duos,
1101 2765 1161 2858 ad
1189 2763 1365 2857 arteriae
1396 2763 1584 2870 tunicas
1620 2763 1726 2856 duo.
1746 2762 2045 2890 potissimum
2083 2765 2178 2856 exi-

659 2919 780 3013 bant
809 2921 949 3037 rami,
972 2953 1100 3014 unus
1122 2940 1248 3014 retro
1272 2918 1551 3034 carotidem,
1581 2918 1698 3012 alter
1726 2920 1778 3012 in
1800 2918 2008 3047 ejusdem
2033 2922 2169 3014 dorso

661 3077 903 3193 incedens,
931 3078 1044 3201 qui,
1081 3076 1166 3170 ubi
1193 3076 1251 3167 ad
1285 3076 1434 3170 imam
1459 3075 1635 3170 canalis
1672 3076 1860 3170 carotici
1889 3078 2045 3170 sedem
2072 3111 2172 3206 per-

659 3255 924 3349 venerunt,
967 3234 1020 3326 in
1059 3266 1217 3328 unum
1255 3233 1449 3327 coibant
1491 3231 1763 3326 funiculum
1804 3232 2052 3362 gracilem,
2091 3235 2171 3328 cui

662 3391 791 3482 nervi
817 3388 1145 3519 sympathctici
1175 3420 1354 3483 nomen
1380 3389 1660 3517 impositum
1694 3411 1774 3483 est.

733 3545 871 3640 Hanc
891 3578 1144 3641 nervorum
1161 3547 1515 3675 dispositionem
1538 3547 1590 3665 in
1609 3548 1764 3675 prima
1783 3546 1929 3674 hujus
1946 3566 2173 3642 tractatus

661 3701 824 3796 tabula
842 3703 1066 3798 delineari
1087 3705 1264 3820 curavi,
1286 3704 1352 3798 ita
1373 3727 1557 3819 tamen,
1581 3725 1637 3797 ut
1654 3735 1909 3798 nervorum
1926 3702 2045 3795 rami
2063 3737 2090 3795 a
2107 3704 2175 3798 di··

565 3937 572 3946 .
661 3861 875 3956 rectione
890 3895 975 3956 sua
996 3861 1338 3989 aliquantisper
1357 3861 1566 3955 distracti
1585 3882 1729 3986 atque
1743 3860 1803 3954 ab
1819 3859 1986 3953 arteria
1996 3832 2172 3953 ‘remoti

661 4040 988 4135 cernerentur,
1018 4051 1116 4144 quo
1139 4019 1310 4112 clarius
1335 4017 1625 4112 indicaretur
1642 4021 1918 4113 eorumdem
1941 4019 2174 4112 decursus.

735 4177 794 4268 ln
832 4172 926 4269 alio
966 4177 1185 4271 cadavere
1222 4208 1422 4302 sequens
1461 4195 1560 4269 erat
1600 4178 1719 4271 ratio
1764 4175 2071 4270 nervulorum
2102 4177 2172 4268 ¹in

661 4333 814 4427 canali
846 4335 1048 4429 carotico
1077 4333 1447 4430 decurrentium.

735 4489 976 4620 Ganglion
1015 4492 1175 4586 aderat
1212 4489 1407 4608 olivaro,
1443 4494 1504 4585 ad
1544 4514 1636 4587 tres
1671 4492 1819 4588 lineas
1853 4493 2076 4622 longum,
2112 4491 2172 4582 ad

663 4679 812 4748 unam
849 4648 1028 4746 lineam
1061 4682 1293 4765 crassum,
1337 4651 1389 4744 in
1420 4649 1579 4744 medio
1618 4648 1795 4744 canalis
1833 4651 2023 4744 carotici
2055 4648 2176 4776 posi-

662 4825 796 4922 tum,
828 4808 888 4900 ad
916 4808 1176 4902 octodecim
1206 4807 1445 4902 linearum
1471 4809 1680 4936 spatium
1701 4842 1728 4900 a
1754 4807 1939 4936 ganglia
1963 4803 2173 4902 cervicali

638 4963 818 5090 ¹primo
849 4964 1049 5082 distans,
1080 4997 1292 5092 quocum
1322 4964 1526 5064 funiculi
1556 4965 1742 5095 gracilis.
1767 4998 1855 5094 ope
1884 4962 2177 5059 nectebatur.

658 5121 866 5220 Exibunt
892 5157 947 5218 ex
975 5123 1063 5217 isto
1090 5123 1275 5254 ganglia
1308 5153 1559 5220 cavernoso
1589 5123 1763 5218 ramuli
1794 5125 2035 5247 quinque,
2060 5152 2177 5245 quo·

659 5313 770 5377 rum
797 5301 889 5376 tres
914 5281 1134 5378 arteriam
1162 5283 1419 5378 carotidem
1442 5281 1787 5409 illaqueabant,
1815 5280 1935 5376 dum
1966 5279 2064 5375 duo
2091 5277 2174 5371 alii
