5080 6812
1082 700 1154 808 [μ.

363 905 454 1000 hac
476 940 525 1000 re
551 907 611 1000 a'd
640 907 924 1001 sententiam
950 902 1164 1002 Walteri
1175 906 1185 941 ¹
1207 905 1395 1021 accedo,
1426 937 1520 1031 qua
1543 905 1730 1033 pleura,
1750 904 1868 1034 peri-

363 1065 599 1176 cardium‚
630 1063 962 1189 peritonaeum,
994 1094 1099 1156 vasa
1128 1061 1415 1190 lymphatica
1450 1060 1608 1154 nullos
1644 1063 1866 1155 obtinent

365 1249 542 1310 nervos.
581 1218 760 1312 Contra
787 1219 1063 1344 opinionem
1094 1217 1352 1309 illustrium
1384 1217 1616 1329 virorum,
1650 1235 1867 1323 summus

366 1373 449 1466 iste
487 1374 659 1466 incisor
697 1373 855 1467 nullos
893 1374 1011 1466 vidit
1046 1375 1106 1465 ad
1139 1372 1386 1501 glandulas
1420 1372 1730 1500 lymphaticus
1770 1407 1867 1466 am·

364 1527 529 1620 bulare
564 1546 728 1621 nervo's
766 1529 850 1652 qui
893 1531 944 1620 in
985 1526 1077 1621 illis
1113 1529 1526 1620 terminarentur:
1566 1529 1867 1653 perforantur

365 1682 560 1805 quidem
592 1684 835 1777 interdum
875 1683 1109 1812 glandulae
1144 1682 1429 1812 conglobatae
1467 1714 1564 1774 uno
1601 1680 1674 1774 vel
1721 1681 1867 1774 altero

363 1837 551 1930 surculo
564 1877 577 1949 ;
602 1839 654 1930 hi
683 1873 789 1932 vero
813 1840 974 1932 statim
996 1839 1056 1932 ad
1080 1839 1238 1932 locum
1259 1839 1531 1966 proximum
1555 1858 1602 1930 et
1629 1837 1738 1963 ipsis
1757 1870 1873 1965 prae·

362 1995 592 2121 scriptum
620 1995 879 2088 decurrunt
910 2018 957 2087 et
990 1995 1055 2086 ibi
1089 1992 1343 2087 finiuntur.
1905 1993 1907 2000 ’

434 2155 476 2270 §2
506 2144 584 2264 54.
620 2151 693 2244 ad
719 2149 834 2243 alias
856 2157 963 2242 vero
987 2172 1159 2278 partes,
1183 2171 1349 2276 praeter
1376 2147 1479 2246 vasa
1508 2171 1651 2274 atque
1675 2150 1869 2264 viscera,
2011 2205 2014 2211 ·

364 2307 621 2433 properant
652 2305 826 2399 ramuli
859 2306 1013 2398 nerrei
1047 2339 1073 2398 e
1111 2305 1307 2435 gangliis
1340 2305 1511 2398 emissi..
1561 2302 1761 2397 Plurimi
1805 2305 1869 2396 ad-

363 2460 603 2552 musculos
631 2463 751 2574 eunt
784 2457 1049 2554 voluntatis
1070 2457 1277 2588 imperio·
1300 2460 1531 2586 subjectos
1553 2497 1572 2552 ε.
1589 2460 1653 2552 ad·
1682 2490 1869 2551 muscu-

364 2609 468 2704 lum
500 2613 675 2707 seilicet
708 2613 904 2743 longum
938 2615 1079 2725 collis
1105 2613 1165 2708 ad
1192 2613 1539 2730 intercostales,
1567 2615 1702 2740 juxta
1724 2607 1868 2709 ‘Wat

365 2785 542 2873 terum3
573 2769 633 2861 ad
658 2767 845 2894 septum
876 2767 1211 2863 transuersum..
1251 2769 1441 2864 Surculi
1469 2765 1654 2892 aliquot
1681 2771 1733 2861 in
1761 2767 1867 2897 ligass

364 2923 538 3016 mentis
563 2924 885 3016 vertebrarum
906 2925 1247 3043 absumuntur,
1274 2921 1574 3052 ¹potissimum
1599 2926 1650 3018 in
1683 2919 1868 3052 regione

362 3074 591 3187 lumbali;
622 3078 729 3194 alii,
756 3113 973 3173 vasorum
1005 3077 1212 3174 'ramulos
1243 3084 1563 3205 insequentes,
1590 3075 1649 3174 in'
1671 3076 1873 3208 corpora·

361 3234 681 3327 uertebrarum
713 3234 811 3362 ipsa
838 3237 885 3328 se
912 3231 1178 3332 immittere*
1194 3237 1495 3333 videbantur.

431 3391 479 3507 5.
495 3382 579 3480 55.
610 3389 820 3482 Maxime
838 3423 970 3484 nuno
991 3395 1206 3509 interest,
1237 3415 1294 3486 ut
1324 3391 1469 3506 ratio,
1491 3424 1603 3515 quae*
1619 3392 1867 3486 intercedit
1900 3446 1906 3463 ·

362 3573 527 3635 nervos
549 3543 681 3638 inter·
695 3567 742 3638 et
767 3578 893 3659 rasa,
919 3545 1138 3638 solertius
1161 3547 1501 3673 perpendatur.
1735 3543 1738 3548 ’

433 3698 553 3792 Vasa
584 3699 872 3829 lymphatica
900 3695 1044 3825 atque
1073 3697 1201 3795 venae
1225 3701 1498 3830 sanguineas*
1514 3699 1674 3794 nullos
1703 3733 1866 3794 nervos

362 3853 617 3980 recipiunt,
639 3857 840 3983 exceptis
857 3888 983 3950 renae
1005 3837 1251 3982 portarum
1270 3856 1434 3970 ramis,
1459 3887 1577 3948 vena
1595 3854 1868 3983 pulmonali

362 4009 508 4136 prope
533 4014 630 4124 cor,
665 4013 714 4102 et
739 4042 856 4104 vena
879 4008 1104 4138 jugulari,
1131 4011 1395 4106 secundum
1417 4009 1677 4140 Murray²3
1703 4004 1868 4103 nervos

363 4191 471 4256 vero
499 4165 777 4257 arteriarum
804 4164 978 4292 triplici
1004 4166 1148 4258 modo
1175 4197 1223 4258 se
1250 4165 1422 4257 habere
1448 4186 1715 4291 compertus
1744 4188 1865 4259 sum:

444 4319 490 4436 r)
518 4319 678 4412 Primo
700 4321 896 4444 quidem
920 4320 1093 4413 ramuli
1113 4321 1268 4414 nervei
1290 4321 1509 4414 arteriam
1536 4319 1762 4445 majorem
1785 4321 1868 4412 cir-'

365 4476 596 4568 cumdant
623 4477 800 4599 absque
832 4475 930 4568 ulla
953 4477 1244 4571 cohaerentia.
1280 4477 1358 4570 Sic
1386 4473 1556 4568 arteria
1582 4475 1866 4590 vertebralis,

366 4631 417 4721 in
447 4663 531 4724 sua
572 4630 769 4759 origine,
803 4664 832 4723 a
869 4631 1065 4724 ramulis
1104 4632 1386 4747 numerosis,
1418 4666 1444 4724 e
1478 4630 1623 4757 plexu
1656 4631 1878 4724 cardiaco

365 4787 728 4914 emergentibus,
754 4787 887 4912 quasi
912 4786 1296 4882 circumvallatur
1303 4826 1315 4899 3
1346 4809 1394 4880 at
1424 4788 1498 4881 isti
1532 4786 1702 4879 ramuli
1732 4786 1876 4912 juxta

413 5029 585 5118 'Tabula
609 5071 794 5118 nervorum
813 5053 963 5120 thoracis·
984 5065 1018 5120 ct
1038 5057 1255 5145 abdominis,
1277 5056 1315 5122 in
1336 5055 1557 5144 praefationes
1839 5125 1842 5130 ,

412 5167 427 5196 ’
449 5168 625 5232 observat.
638 5179 731 5234 anat.
747 5171 789 5234 de
805 5169 980 5234 insundib.
998 5191 1089 5237 caus.
1106 5182 1141 5236 et
1159 5171 1277 5236 vacht.
1299 5173 1514 5255 quibusdan
1534 5175 1621 5258 part:
1636 5171 1865 5235 certionem

367 5279 538 5384 intereos&
563 5280 729 5373 Ludwig,
752 5285 875 5370 script.
893 5287 1069 5374 necrolog·
1089 5286 1193 5367 min-3
1213 5296 1239 5352 t.
1257 5307 1296 5369 ι,
1315 5309 1351 5372 p.
1372 5306 1451 5370 247·

1510 5394 1542 5488 6
