<?xml version="1.0" encoding="UTF-8"?>
<!DOCTYPE html PUBLIC "-//W3C//DTD XHTML 1.0 Transitional//EN"
    "http://www.w3.org/TR/xhtml1/DTD/xhtml1-transitional.dtd">
<html xmlns="http://www.w3.org/1999/xhtml" xml:lang="en" lang="en">
 <head>
  <title>
</title>
<meta http-equiv="Content-Type" content="text/html;charset=utf-8" />
  <meta name='ocr-system' content='tesseract 3.04.00' />
  <meta name='ocr-capabilities' content='ocr_page ocr_carea ocr_par ocr_line ocrx_word'/>
</head>
<body>
  <div class='ocr_page' id='page_1' title='image "./denervisympathe00lobsgoog_0144.png"; bbox 0 0 5076 6816; ppageno 0'>
   <div class='ocr_carea' id='block_1_1' title="bbox 1034 689 1129 786">
    <p class='ocr_par' dir='ltr' id='par_1_1' title="bbox 1034 689 1129 786">
     <span class='ocr_line' id='line_1_1' title="bbox 1034 689 1129 786; baseline 0 -19"><span class='ocrx_word' id='word_1_1' title='bbox 1034 689 1129 786; x_wconf 74' lang='grc' dir='ltr'>ιιι</span> 
     </span>
    </p>
   </div>
   <div class='ocr_carea' id='block_1_2' title="bbox 306 871 1905 5376">
    <p class='ocr_par' dir='ltr' id='par_1_2' title="bbox 319 871 1834 1628">
     <span class='ocr_line' id='line_1_2' title="bbox 324 871 1833 1004; baseline -0.005 -34"><span class='ocrx_word' id='word_1_2' title='bbox 324 878 414 990; x_wconf 84' lang='lat' dir='ltr'>ita,</span> <span class='ocrx_word' id='word_1_3' title='bbox 444 897 501 970; x_wconf 89' lang='lat' dir='ltr'>ut</span> <span class='ocrx_word' id='word_1_4' title='bbox 538 877 759 1004; x_wconf 72' lang='lat' dir='ltr'><strong>dyspnoea</strong></span> <span class='ocrx_word' id='word_1_5' title='bbox 800 897 943 999; x_wconf 87' lang='lat' dir='ltr'>atquc</span> <span class='ocrx_word' id='word_1_6' title='bbox 977 873 1172 969; x_wconf 83' lang='lat' dir='ltr'>tracheae</span> <span class='ocrx_word' id='word_1_7' title='bbox 1212 872 1484 966; x_wconf 80' lang='lat' dir='ltr'>constrictio</span> <span class='ocrx_word' id='word_1_8' title='bbox 1514 891 1734 970; x_wconf 72' lang='lat' dir='ltr'>constans</span> <span class='ocrx_word' id='word_1_9' title='bbox 1771 871 1833 964; x_wconf 90' lang='lat' dir='ltr'>sit</span> 
     </span>
     <span class='ocr_line' id='line_1_3' title="bbox 322 1012 1832 1160; baseline -0.003 -36"><span class='ocrx_word' id='word_1_10' title='bbox 322 1033 477 1127; x_wconf 87' lang='lat' dir='ltr'><strong>morbi</strong></span> <span class='ocrx_word' id='word_1_11' title='bbox 509 1055 787 1160; x_wconf 87' lang='lat' dir='ltr'>symptoma.</span> <span class='ocrx_word' id='word_1_12' title='bbox 820 1012 1156 1128; x_wconf 81' lang='lat' dir='ltr'>Vivide&#39;ctiam</span> <span class='ocrx_word' id='word_1_13' title='bbox 1183 1029 1386 1122; x_wconf 76' lang='lat' dir='ltr'>incurrit</span> <span class='ocrx_word' id='word_1_14' title='bbox 1411 1027 1655 1120; x_wconf 88' lang='lat' dir='ltr'>interdum</span> <span class='ocrx_word' id='word_1_15' title='bbox 1684 1027 1736 1120; x_wconf 88' lang='lat' dir='ltr'>itt</span> <span class='ocrx_word' id='word_1_16' title='bbox 1764 1059 1832 1119; x_wconf 86' lang='lat' dir='ltr'>ce-</span> 
     </span>
     <span class='ocr_line' id='line_1_4' title="bbox 321 1183 1834 1313; baseline -0.003 -32"><span class='ocrx_word' id='word_1_17' title='bbox 321 1189 447 1281; x_wconf 86' lang='lat' dir='ltr'>rebri</span> <span class='ocrx_word' id='word_1_18' title='bbox 473 1189 769 1298; x_wconf 87' lang='lat' dir='ltr'>dominium;</span> <span class='ocrx_word' id='word_1_19' title='bbox 801 1210 848 1282; x_wconf 88' lang='lat' dir='ltr'>et</span> <span class='ocrx_word' id='word_1_20' title='bbox 875 1211 1013 1281; x_wconf 88' lang='lat' dir='ltr'>aucta</span> <span class='ocrx_word' id='word_1_21' title='bbox 1042 1187 1112 1280; x_wconf 77' lang='lat' dir='ltr'>vis</span> <span class='ocrx_word' id='word_1_22' title='bbox 1137 1187 1269 1280; x_wconf 86' lang='lat' dir='ltr'>nervi</span> <span class='ocrx_word' id='word_1_23' title='bbox 1296 1183 1626 1313; x_wconf 81' lang='lat' dir='ltr'>sympathetici</span> <span class='ocrx_word' id='word_1_24' title='bbox 1656 1183 1834 1280; x_wconf 74' lang='lat' dir='ltr'>mentis</span> 
     </span>
     <span class='ocr_line' id='line_1_5' title="bbox 321 1321 1828 1473; baseline -0.001 -39"><span class='ocrx_word' id='word_1_25' title='bbox 321 1343 637 1438; x_wconf 86' lang='lat' dir='ltr'>aberrationes</span> <span class='ocrx_word' id='word_1_26' title='bbox 665 1321 815 1473; x_wconf 82' lang='lat' dir='ltr'>gignit</span> <span class='ocrx_word' id='word_1_27' title='bbox 842 1344 1099 1458; x_wconf 81' lang='lat' dir='ltr'>notabiles,</span> <span class='ocrx_word' id='word_1_28' title='bbox 1128 1365 1175 1440; x_wconf 88' lang='lat' dir='ltr'>et</span> <span class='ocrx_word' id='word_1_29' title='bbox 1206 1344 1413 1436; x_wconf 74' lang='lat' dir='ltr'>actiones</span> <span class='ocrx_word' id='word_1_30' title='bbox 1441 1338 1664 1468; x_wconf 83' lang='lat' dir='ltr'>producit</span> <span class='ocrx_word' id='word_1_31' title='bbox 1694 1338 1828 1462; x_wconf 83' lang='lat' dir='ltr'>quasi</span> 
     </span>
     <span class='ocr_line' id='line_1_6' title="bbox 319 1496 1653 1628; baseline -0.002 -38"><span class='ocrx_word' id='word_1_32' title='bbox 319 1520 624 1626; x_wconf 86' lang='lat' dir='ltr'>spontaneas,</span> <span class='ocrx_word' id='word_1_33' title='bbox 655 1535 681 1594; x_wconf 87' lang='lat' dir='ltr'>a</span> <span class='ocrx_word' id='word_1_34' title='bbox 711 1501 974 1594; x_wconf 84' lang='lat' dir='ltr'>voluntatis</span> <span class='ocrx_word' id='word_1_35' title='bbox 1002 1501 1200 1628; x_wconf 78' lang='lat' dir='ltr'>imperio</span> <span class='ocrx_word' id='word_1_36' title='bbox 1227 1498 1440 1594; x_wconf 81' lang='lat' dir='ltr'>absolute</span> <span class='ocrx_word' id='word_1_37' title='bbox 1467 1496 1653 1588; x_wconf 85' lang='lat' dir='ltr'>alienas</span> 
     </span>
    </p>

    <p class='ocr_par' dir='ltr' id='par_1_3' title="bbox 311 1651 1832 3806">
     <span class='ocr_line' id='line_1_7' title="bbox 394 1651 1827 1786; baseline -0.002 -39"><span class='ocrx_word' id='word_1_38' title='bbox 394 1656 455 1748; x_wconf 90' lang='lat' dir='ltr'>ln</span> <span class='ocrx_word' id='word_1_39' title='bbox 468 1655 628 1750; x_wconf 82' lang='lat' dir='ltr'>leviori</span> <span class='ocrx_word' id='word_1_40' title='bbox 646 1658 792 1786; x_wconf 83' lang='lat' dir='ltr'>gradu</span> <span class='ocrx_word' id='word_1_41' title='bbox 813 1658 1081 1779; x_wconf 86' lang='lat' dir='ltr'>frequenter</span> <span class='ocrx_word' id='word_1_42' title='bbox 1102 1677 1276 1783; x_wconf 78' lang='lat' dir='ltr'>aegrotae</span> <span class='ocrx_word' id='word_1_43' title='bbox 1297 1654 1515 1748; x_wconf 88' lang='lat' dir='ltr'>sentiunt</span> <span class='ocrx_word' id='word_1_44' title='bbox 1531 1683 1759 1778; x_wconf 80' lang='lat' dir='ltr'>spasmos,</span> <span class='ocrx_word' id='word_1_45' title='bbox 1774 1651 1827 1744; x_wconf 90' lang='lat' dir='ltr'>in</span> 
     </span>
     <span class='ocr_line' id='line_1_8' title="bbox 319 1793 1828 1943; baseline 0 -43"><span class='ocrx_word' id='word_1_46' title='bbox 319 1809 590 1906; x_wconf 79' lang='lat' dir='ltr'>abdominis</span> <span class='ocrx_word' id='word_1_47' title='bbox 611 1815 797 1943; x_wconf 79' lang='lat' dir='ltr'>regione</span> <span class='ocrx_word' id='word_1_48' title='bbox 822 1813 1129 1939; x_wconf 87' lang='lat' dir='ltr'>incipientes,</span> <span class='ocrx_word' id='word_1_49' title='bbox 1148 1793 1330 1908; x_wconf 43' lang='lat' dir='ltr'>&#39;sensim</span> <span class='ocrx_word' id='word_1_50' title='bbox 1359 1845 1442 1938; x_wconf 87' lang='lat' dir='ltr'>per</span> <span class='ocrx_word' id='word_1_51' title='bbox 1472 1830 1635 1938; x_wconf 83' lang='lat' dir='ltr'>pactus</span> <span class='ocrx_word' id='word_1_52' title='bbox 1660 1841 1828 1936; x_wconf 86' lang='lat' dir='ltr'>propa·</span> 
     </span>
     <span class='ocr_line' id='line_1_9' title="bbox 317 1964 1832 2092; baseline 0.003 -36"><span class='ocrx_word' id='word_1_53' title='bbox 317 1967 441 2092; x_wconf 88' lang='lat' dir='ltr'>gari,</span> <span class='ocrx_word' id='word_1_54' title='bbox 458 1969 543 2060; x_wconf 90' lang='lat' dir='ltr'>ubi</span> <span class='ocrx_word' id='word_1_55' title='bbox 568 2001 700 2064; x_wconf 88' lang='lat' dir='ltr'>nunc</span> <span class='ocrx_word' id='word_1_56' title='bbox 715 1999 907 2062; x_wconf 86' lang='lat' dir='ltr'>sensum</span> <span class='ocrx_word' id='word_1_57' title='bbox 929 1970 1273 2062; x_wconf 85' lang='lat' dir='ltr'>tantummodo</span> <span class='ocrx_word' id='word_1_58' title='bbox 1285 1965 1570 2076; x_wconf 77' lang='lat' dir='ltr'>vibrationis</span> <span class='ocrx_word' id='word_1_59' title='bbox 1587 1986 1634 2058; x_wconf 86' lang='lat' dir='ltr'>ct</span> <span class='ocrx_word' id='word_1_60' title='bbox 1653 1964 1832 2060; x_wconf 76' lang='lat' dir='ltr'>oscilla-</span> 
     </span>
     <span class='ocr_line' id='line_1_10' title="bbox 318 2103 1828 2250; baseline 0.001 -40"><span class='ocrx_word' id='word_1_61' title='bbox 318 2121 463 2214; x_wconf 90' lang='lat' dir='ltr'>tionis</span> <span class='ocrx_word' id='word_1_62' title='bbox 494 2123 930 2250; x_wconf 86' lang='lat' dir='ltr'>integumentorum</span> <span class='ocrx_word' id='word_1_63' title='bbox 965 2103 1388 2245; x_wconf 83' lang='lat' dir='ltr'>musculorumque</span> <span class='ocrx_word' id='word_1_64' title='bbox 1419 2121 1584 2246; x_wconf 82' lang='lat' dir='ltr'>capi-tis</span> <span class='ocrx_word' id='word_1_65' title='bbox 1610 2141 1658 2216; x_wconf 85' lang='lat' dir='ltr'>et</span> <span class='ocrx_word' id='word_1_66' title='bbox 1693 2120 1828 2213; x_wconf 76' lang='lat' dir='ltr'>faciei</span> 
     </span>
     <span class='ocr_line' id='line_1_11' title="bbox 317 2277 1826 2402; baseline 0.003 -36"><span class='ocrx_word' id='word_1_67' title='bbox 317 2279 613 2402; x_wconf 80' lang='lat' dir='ltr'>producunt3</span> <span class='ocrx_word' id='word_1_68' title='bbox 636 2310 771 2370; x_wconf 85' lang='lat' dir='ltr'>nune</span> <span class='ocrx_word' id='word_1_69' title='bbox 789 2277 1106 2372; x_wconf 72' lang='lat' dir='ltr'>intolerabiles</span> <span class='ocrx_word' id='word_1_70' title='bbox 1124 2277 1304 2374; x_wconf 78' lang='lat' dir='ltr'>dolores</span> <span class='ocrx_word' id='word_1_71' title='bbox 1323 2277 1548 2388; x_wconf 84' lang='lat' dir='ltr'>excitant,</span> <span class='ocrx_word' id='word_1_72' title='bbox 1575 2277 1659 2402; x_wconf 88' lang='lat' dir='ltr'>qui</span> <span class='ocrx_word' id='word_1_73' title='bbox 1681 2280 1826 2370; x_wconf 91' lang='lat' dir='ltr'>modo</span> 
     </span>
     <span class='ocr_line' id='line_1_12' title="bbox 316 2432 1831 2563; baseline 0.003 -41"><span class='ocrx_word' id='word_1_74' title='bbox 316 2433 564 2559; x_wconf 90' lang='lat' dir='ltr'>synciput,</span> <span class='ocrx_word' id='word_1_75' title='bbox 602 2437 744 2526; x_wconf 90' lang='lat' dir='ltr'>modo</span> <span class='ocrx_word' id='word_1_76' title='bbox 782 2437 1003 2563; x_wconf 81' lang='lat' dir='ltr'>occiput,</span> <span class='ocrx_word' id='word_1_77' title='bbox 1052 2437 1104 2526; x_wconf 88' lang='lat' dir='ltr'>in</span> <span class='ocrx_word' id='word_1_78' title='bbox 1143 2435 1220 2527; x_wconf 80' lang='lat' dir='ltr'>his</span> <span class='ocrx_word' id='word_1_79' title='bbox 1249 2433 1586 2547; x_wconf 83' lang='lat' dir='ltr'>dimidiatum,</span> <span class='ocrx_word' id='word_1_80' title='bbox 1632 2433 1685 2527; x_wconf 89' lang='lat' dir='ltr'>in</span> <span class='ocrx_word' id='word_1_81' title='bbox 1722 2432 1831 2526; x_wconf 87' lang='lat' dir='ltr'>aliis</span> 
     </span>
     <span class='ocr_line' id='line_1_13' title="bbox 317 2587 1823 2718; baseline 0 -40"><span class='ocrx_word' id='word_1_82' title='bbox 317 2587 594 2680; x_wconf 86' lang='lat' dir='ltr'>universum</span> <span class='ocrx_word' id='word_1_83' title='bbox 608 2611 753 2714; x_wconf 89' lang='lat' dir='ltr'>caput</span> <span class='ocrx_word' id='word_1_84' title='bbox 767 2613 1024 2718; x_wconf 64' lang='lat' dir='ltr'>occupatum</span> <span class='ocrx_word' id='word_1_85' title='bbox 1047 2589 1309 2713; x_wconf 87' lang='lat' dir='ltr'>aliquando</span> <span class='ocrx_word' id='word_1_86' title='bbox 1330 2589 1382 2680; x_wconf 90' lang='lat' dir='ltr'>in</span> <span class='ocrx_word' id='word_1_87' title='bbox 1403 2588 1569 2716; x_wconf 83' lang='lat' dir='ltr'>exiguo</span> <span class='ocrx_word' id='word_1_88' title='bbox 1582 2587 1706 2703; x_wconf 90' lang='lat' dir='ltr'>loco,</span> <span class='ocrx_word' id='word_1_89' title='bbox 1738 2589 1823 2711; x_wconf 91' lang='lat' dir='ltr'>qui</span> 
     </span>
     <span class='ocr_line' id='line_1_14' title="bbox 316 2743 1825 2874; baseline 0.001 -40"><span class='ocrx_word' id='word_1_90' title='bbox 316 2763 572 2836; x_wconf 77' lang='lat' dir='ltr'>transverso</span> <span class='ocrx_word' id='word_1_91' title='bbox 603 2744 773 2870; x_wconf 84' lang='lat' dir='ltr'>pollice</span> <span class='ocrx_word' id='word_1_92' title='bbox 813 2747 903 2874; x_wconf 88' lang='lat' dir='ltr'>tegi</span> <span class='ocrx_word' id='word_1_93' title='bbox 934 2767 1109 2872; x_wconf 87' lang='lat' dir='ltr'>potest,</span> <span class='ocrx_word' id='word_1_94' title='bbox 1146 2777 1258 2838; x_wconf 88' lang='lat' dir='ltr'>cum</span> <span class='ocrx_word' id='word_1_95' title='bbox 1290 2744 1468 2872; x_wconf 83' lang='lat' dir='ltr'>frigoris</span> <span class='ocrx_word' id='word_1_96' title='bbox 1488 2774 1627 2838; x_wconf 87' lang='lat' dir='ltr'>sensu</span> <span class='ocrx_word' id='word_1_97' title='bbox 1653 2743 1825 2872; x_wconf 85' lang='lat' dir='ltr'>jugiter</span> 
     </span>
     <span class='ocr_line' id='line_1_15' title="bbox 315 2893 1823 3024; baseline 0.001 -34"><span class='ocrx_word' id='word_1_98' title='bbox 315 2893 454 2990; x_wconf 87' lang='lat' dir='ltr'>defixi</span> <span class='ocrx_word' id='word_1_99' title='bbox 478 2921 616 3015; x_wconf 88' lang='lat' dir='ltr'>sunt,</span> <span class='ocrx_word' id='word_1_100' title='bbox 656 2923 703 2992; x_wconf 89' lang='lat' dir='ltr'>et</span> <span class='ocrx_word' id='word_1_101' title='bbox 733 2899 880 2994; x_wconf 87' lang='lat' dir='ltr'>nullis</span> <span class='ocrx_word' id='word_1_102' title='bbox 910 2901 1127 2995; x_wconf 83' lang='lat' dir='ltr'>remediis</span> <span class='ocrx_word' id='word_1_103' title='bbox 1158 2901 1359 3015; x_wconf 90' lang='lat' dir='ltr'>cedunt,</span> <span class='ocrx_word' id='word_1_104' title='bbox 1393 2897 1483 2994; x_wconf 89' lang='lat' dir='ltr'>nisi</span> <span class='ocrx_word' id='word_1_105' title='bbox 1518 2931 1622 3024; x_wconf 77' lang='lat' dir='ltr'>quae</span> <span class='ocrx_word' id='word_1_106' title='bbox 1653 2899 1823 2992; x_wconf 89' lang='lat' dir='ltr'>intem·</span> 
     </span>
     <span class='ocr_line' id='line_1_16' title="bbox 312 3053 1829 3178; baseline 0.005 -35"><span class='ocrx_word' id='word_1_107' title='bbox 312 3053 489 3178; x_wconf 80' lang='lat' dir='ltr'>perlem</span> <span class='ocrx_word' id='word_1_108' title='bbox 519 3054 657 3150; x_wconf 84' lang='lat' dir='ltr'>istam</span> <span class='ocrx_word' id='word_1_109' title='bbox 685 3059 739 3149; x_wconf 90' lang='lat' dir='ltr'>in</span> <span class='ocrx_word' id='word_1_110' title='bbox 766 3055 1023 3152; x_wconf 81' lang='lat' dir='ltr'>abdomine</span> <span class='ocrx_word' id='word_1_111' title='bbox 1049 3057 1253 3171; x_wconf 89' lang='lat' dir='ltr'>tollunt,</span> <span class='ocrx_word' id='word_1_112' title='bbox 1287 3076 1335 3148; x_wconf 89' lang='lat' dir='ltr'>et</span> <span class='ocrx_word' id='word_1_113' title='bbox 1364 3055 1567 3150; x_wconf 85' lang='lat' dir='ltr'>nimiam</span> <span class='ocrx_word' id='word_1_114' title='bbox 1591 3055 1829 3160; x_wconf 68' lang='lat' dir='ltr'>viscerum,</span> 
     </span>
     <span class='ocr_line' id='line_1_17' title="bbox 311 3208 1819 3388; baseline -0.003 -82"><span class='ocrx_word' id='word_1_115' title='bbox 311 3208 669 3306; x_wconf 76' lang='lat' dir='ltr'>sensibilitatem</span> <span class='ocrx_word' id='word_1_116' title='bbox 690 3213 897 3388; x_wconf 86' lang='lat' dir='ltr'>sopiunt</span> <span class='ocrx_word' id='word_1_117' title='bbox 927 3213 1073 3326; x_wconf 89' lang='lat' dir='ltr'>Hinc,</span> <span class='ocrx_word' id='word_1_118' title='bbox 1100 3214 1187 3336; x_wconf 82' lang='lat' dir='ltr'>qui</span> <span class='ocrx_word' id='word_1_119' title='bbox 1211 3212 1485 3306; x_wconf 75' lang='lat' dir='ltr'>atrocissimi</span> <span class='ocrx_word' id='word_1_120' title='bbox 1505 3231 1642 3304; x_wconf 88' lang='lat' dir='ltr'>antea</span> <span class='ocrx_word' id='word_1_121' title='bbox 1663 3227 1819 3323; x_wconf 79' lang='lat' dir='ltr'>erant,</span> 
     </span>
     <span class='ocr_line' id='line_1_18' title="bbox 311 3364 1821 3492; baseline 0.001 -36"><span class='ocrx_word' id='word_1_122' title='bbox 311 3385 420 3489; x_wconf 89' lang='lat' dir='ltr'>post</span> <span class='ocrx_word' id='word_1_123' title='bbox 445 3364 643 3458; x_wconf 85' lang='lat' dir='ltr'>unicum</span> <span class='ocrx_word' id='word_1_124' title='bbox 670 3368 893 3460; x_wconf 85' lang='lat' dir='ltr'>emissum</span> <span class='ocrx_word' id='word_1_125' title='bbox 918 3391 1109 3460; x_wconf 88' lang='lat' dir='ltr'>ructum</span> <span class='ocrx_word' id='word_1_126' title='bbox 1131 3366 1294 3460; x_wconf 86' lang='lat' dir='ltr'>statim</span> <span class='ocrx_word' id='word_1_127' title='bbox 1325 3367 1533 3460; x_wconf 76' lang='lat' dir='ltr'>mitiores</span> <span class='ocrx_word' id='word_1_128' title='bbox 1562 3366 1713 3480; x_wconf 87' lang='lat' dir='ltr'>reddi,</span> <span class='ocrx_word' id='word_1_129' title='bbox 1736 3379 1821 3492; x_wconf 84' lang='lat' dir='ltr'>per</span> 
     </span>
     <span class='ocr_line' id='line_1_19' title="bbox 311 3517 1820 3658; baseline 0.003 -48"><span class='ocrx_word' id='word_1_130' title='bbox 311 3517 499 3658; x_wconf 82' lang='lat' dir='ltr'>aliquot</span> <span class='ocrx_word' id='word_1_131' title='bbox 529 3520 723 3616; x_wconf 81' lang='lat' dir='ltr'>laudeni</span> <span class='ocrx_word' id='word_1_132' title='bbox 750 3545 927 3654; x_wconf 87' lang='lat' dir='ltr'>guttas,</span> <span class='ocrx_word' id='word_1_133' title='bbox 955 3522 1027 3616; x_wconf 84' lang='lat' dir='ltr'>vel</span> <span class='ocrx_word' id='word_1_134' title='bbox 1060 3555 1210 3649; x_wconf 83' lang='lat' dir='ltr'>pauca</span> <span class='ocrx_word' id='word_1_135' title='bbox 1242 3523 1435 3616; x_wconf 82' lang='lat' dir='ltr'>castorei</span> <span class='ocrx_word' id='word_1_136' title='bbox 1461 3550 1628 3650; x_wconf 49' lang='lat' dir='ltr'>greum</span> <span class='ocrx_word' id='word_1_137' title='bbox 1657 3521 1820 3648; x_wconf 85' lang='lat' dir='ltr'>paucis</span> 
     </span>
     <span class='ocr_line' id='line_1_20' title="bbox 312 3676 1215 3806; baseline 0.006 -41"><span class='ocrx_word' id='word_1_138' title='bbox 312 3676 569 3770; x_wconf 88' lang='lat' dir='ltr'>momentis</span> <span class='ocrx_word' id='word_1_139' title='bbox 599 3679 746 3806; x_wconf 83' lang='lat' dir='ltr'>iugari</span> <span class='ocrx_word' id='word_1_140' title='bbox 781 3679 995 3772; x_wconf 85' lang='lat' dir='ltr'>videmus</span> <span class='ocrx_word' id='word_1_141' title='bbox 1022 3678 1215 3788; x_wconf 84' lang='lat' dir='ltr'>dolores.</span> 
     </span>
    </p>

    <p class='ocr_par' dir='ltr' id='par_1_4' title="bbox 306 3831 1905 5376">
     <span class='ocr_line' id='line_1_21' title="bbox 326 3831 1816 3980; baseline 0.006 -59.365"><span class='ocrx_word' id='word_1_142' title='bbox 326 3831 442 3930; x_wconf 89' lang='lat' dir='ltr'>ln</span> <span class='ocrx_word' id='word_1_143' title='bbox 467 3831 637 3926; x_wconf 88' lang='lat' dir='ltr'>clinico</span> <span class='ocrx_word' id='word_1_144' title='bbox 664 3857 826 3928; x_wconf 89' lang='lat' dir='ltr'>nostro</span> <span class='ocrx_word' id='word_1_145' title='bbox 846 3836 1073 3928; x_wconf 88' lang='lat' dir='ltr'>instituto</span> <span class='ocrx_word' id='word_1_146' title='bbox 1074 3841 1189 3961; x_wconf 79' lang='lat' dir='ltr'>,por</span> <span class='ocrx_word' id='word_1_147' title='bbox 1204 3833 1363 3980; x_wconf 76' lang='lat' dir='ltr'>plures</span> <span class='ocrx_word' id='word_1_148' title='bbox 1387 3863 1569 3932; x_wconf 81' lang='lat' dir='ltr'>menses</span> <span class='ocrx_word' id='word_1_149' title='bbox 1587 3831 1816 3960; x_wconf 83' lang='lat' dir='ltr'>virginem</span> 
     </span>
     <span class='ocr_line' id='line_1_22' title="bbox 311 3919 1817 4114; baseline 0.005 -40"><span class='ocrx_word' id='word_1_150' title='bbox 311 3919 549 4080; x_wconf 73' lang='lat' dir='ltr'>obsecrare</span> <span class='ocrx_word' id='word_1_151' title='bbox 578 3991 715 4084; x_wconf 89' lang='lat' dir='ltr'>nobis</span> <span class='ocrx_word' id='word_1_152' title='bbox 738 3993 907 4087; x_wconf 86' lang='lat' dir='ltr'>datum</span> <span class='ocrx_word' id='word_1_153' title='bbox 932 3964 1092 4104; x_wconf 46' lang='lat' dir='ltr'>suits</span> <span class='ocrx_word' id='word_1_154' title='bbox 1080 4023 1134 4083; x_wconf 83' lang='lat' dir='ltr'>ro</span> <span class='ocrx_word' id='word_1_155' title='bbox 1161 4023 1261 4114; x_wconf 78' lang='lat' dir='ltr'>qua</span> <span class='ocrx_word' id='word_1_156' title='bbox 1284 3988 1498 4113; x_wconf 85' lang='lat' dir='ltr'>quotidie</span> <span class='ocrx_word' id='word_1_157' title='bbox 1530 3988 1662 4110; x_wconf 86' lang='lat' dir='ltr'>sequi</span> <span class='ocrx_word' id='word_1_158' title='bbox 1689 4011 1817 4114; x_wconf 88' lang='lat' dir='ltr'>pote·</span> 
     </span>
     <span class='ocr_line' id='line_1_23' title="bbox 310 4144 1816 4276; baseline 0.007 -47"><span class='ocrx_word' id='word_1_159' title='bbox 310 4172 469 4233; x_wconf 89' lang='lat' dir='ltr'>ramus</span> <span class='ocrx_word' id='word_1_160' title='bbox 503 4164 550 4236; x_wconf 90' lang='lat' dir='ltr'>et</span> <span class='ocrx_word' id='word_1_161' title='bbox 578 4148 739 4240; x_wconf 87' lang='lat' dir='ltr'>mirari</span> <span class='ocrx_word' id='word_1_162' title='bbox 771 4149 860 4243; x_wconf 86' lang='lat' dir='ltr'>iter</span> <span class='ocrx_word' id='word_1_163' title='bbox 891 4149 1021 4272; x_wconf 89' lang='lat' dir='ltr'>quod</span> <span class='ocrx_word' id='word_1_164' title='bbox 1051 4148 1308 4276; x_wconf 78' lang='lat' dir='ltr'>hystoricus</span> <span class='ocrx_word' id='word_1_165' title='bbox 1334 4144 1529 4240; x_wconf 80' lang='lat' dir='ltr'>morbus</span> <span class='ocrx_word' id='word_1_166' title='bbox 1556 4175 1640 4269; x_wconf 84' lang='lat' dir='ltr'>per</span> <span class='ocrx_word' id='word_1_167' title='bbox 1665 4145 1816 4240; x_wconf 84' lang='lat' dir='ltr'>varios</span> 
     </span>
     <span class='ocr_line' id='line_1_24' title="bbox 308 4300 1905 4427; baseline 0 -41"><span class='ocrx_word' id='word_1_168' title='bbox 308 4300 566 4422; x_wconf 78' lang='lat' dir='ltr'>systematis</span> <span class='ocrx_word' id='word_1_169' title='bbox 591 4305 770 4398; x_wconf 81' lang='lat' dir='ltr'>nervosi</span> <span class='ocrx_word' id='word_1_170' title='bbox 797 4339 960 4398; x_wconf 81' lang='lat' dir='ltr'>ramos</span> <span class='ocrx_word' id='word_1_171' title='bbox 975 4304 1271 4400; x_wconf 79' lang='lat' dir='ltr'>instituebat</span> <span class='ocrx_word' id='word_1_172' title='bbox 1292 4302 1504 4396; x_wconf 80' lang='lat' dir='ltr'>Aderant</span> <span class='ocrx_word' id='word_1_173' title='bbox 1516 4300 1674 4427; x_wconf 92' lang='lat' dir='ltr'>primo</span> <span class='ocrx_word' id='word_1_174' title='bbox 1695 4333 1816 4426; x_wconf 85' lang='lat' dir='ltr'>spas-</span> <span class='ocrx_word' id='word_1_175' title='bbox 1902 4379 1905 4386; x_wconf 88' lang='lat'>.</span> 
     </span>
     <span class='ocr_line' id='line_1_25' title="bbox 309 4451 1815 4588; baseline 0.007 -49"><span class='ocrx_word' id='word_1_176' title='bbox 309 4451 376 4540; x_wconf 93' lang='lat' dir='ltr'>mi</span> <span class='ocrx_word' id='word_1_177' title='bbox 413 4453 464 4546; x_wconf 92' lang='lat' dir='ltr'>in</span> <span class='ocrx_word' id='word_1_178' title='bbox 502 4457 601 4552; x_wconf 92' lang='lat' dir='ltr'>imo</span> <span class='ocrx_word' id='word_1_179' title='bbox 630 4480 818 4568; x_wconf 79' lang='lat' dir='ltr'>ventre3</span> <span class='ocrx_word' id='word_1_180' title='bbox 860 4483 980 4553; x_wconf 89' lang='lat' dir='ltr'>tunc</span> <span class='ocrx_word' id='word_1_181' title='bbox 1019 4459 1249 4588; x_wconf 87' lang='lat' dir='ltr'>epigastrii</span> <span class='ocrx_word' id='word_1_182' title='bbox 1283 4457 1417 4552; x_wconf 87' lang='lat' dir='ltr'>dolor</span> <span class='ocrx_word' id='word_1_183' title='bbox 1443 4479 1590 4580; x_wconf 86' lang='lat' dir='ltr'>atque</span> <span class='ocrx_word' id='word_1_184' title='bbox 1626 4456 1815 4552; x_wconf 88' lang='lat' dir='ltr'>inssatio</span> 
     </span>
     <span class='ocr_line' id='line_1_26' title="bbox 308 4612 1813 4740; baseline 0.007 -42"><span class='ocrx_word' id='word_1_185' title='bbox 308 4639 420 4700; x_wconf 90' lang='lat' dir='ltr'>cum</span> <span class='ocrx_word' id='word_1_186' title='bbox 437 4614 684 4708; x_wconf 81' lang='lat' dir='ltr'>anxietatis</span> <span class='ocrx_word' id='word_1_187' title='bbox 701 4647 840 4710; x_wconf 87' lang='lat' dir='ltr'>sensu</span> <span class='ocrx_word' id='word_1_188' title='bbox 855 4639 902 4709; x_wconf 89' lang='lat' dir='ltr'>et</span> <span class='ocrx_word' id='word_1_189' title='bbox 920 4616 1144 4710; x_wconf 86' lang='lat' dir='ltr'>vomendi</span> <span class='ocrx_word' id='word_1_190' title='bbox 1165 4614 1435 4722; x_wconf 79' lang='lat' dir='ltr'>conatibus3</span> <span class='ocrx_word' id='word_1_191' title='bbox 1456 4634 1613 4740; x_wconf 90' lang='lat' dir='ltr'>postea</span> <span class='ocrx_word' id='word_1_192' title='bbox 1627 4612 1813 4739; x_wconf 88' lang='lat' dir='ltr'>pulmo·</span> 
     </span>
     <span class='ocr_line' id='line_1_27' title="bbox 308 4757 1812 4898; baseline 0.007 -44"><span class='ocrx_word' id='word_1_193' title='bbox 308 4793 430 4856; x_wconf 92' lang='lat' dir='ltr'>num</span> <span class='ocrx_word' id='word_1_194' title='bbox 449 4773 740 4886; x_wconf 89' lang='lat' dir='ltr'>constrictio,</span> <span class='ocrx_word' id='word_1_195' title='bbox 757 4773 895 4866; x_wconf 90' lang='lat' dir='ltr'>tussis</span> <span class='ocrx_word' id='word_1_196' title='bbox 908 4774 1051 4886; x_wconf 88' lang='lat' dir='ltr'>sicea,</span> <span class='ocrx_word' id='word_1_197' title='bbox 1075 4757 1225 4865; x_wconf 83' lang='lat' dir='ltr'>cordis</span> <span class='ocrx_word' id='word_1_198' title='bbox 1238 4770 1511 4897; x_wconf 88' lang='lat' dir='ltr'>palpitati0;</span> <span class='ocrx_word' id='word_1_199' title='bbox 1532 4769 1644 4862; x_wconf 91' lang='lat' dir='ltr'>dein</span> <span class='ocrx_word' id='word_1_200' title='bbox 1659 4770 1812 4898; x_wconf 86' lang='lat' dir='ltr'>deglu-</span> 
     </span>
     <span class='ocr_line' id='line_1_28' title="bbox 307 4917 1811 5058; baseline 0.009 -50"><span class='ocrx_word' id='word_1_201' title='bbox 307 4917 458 5013; x_wconf 89' lang='lat' dir='ltr'>tiendi</span> <span class='ocrx_word' id='word_1_202' title='bbox 471 4927 744 5042; x_wconf 87' lang='lat' dir='ltr'>conamina,</span> <span class='ocrx_word' id='word_1_203' title='bbox 759 4950 992 5050; x_wconf 88' lang='lat' dir='ltr'>tanquam</span> <span class='ocrx_word' id='word_1_204' title='bbox 1008 4930 1045 5020; x_wconf 92' lang='lat' dir='ltr'>si</span> <span class='ocrx_word' id='word_1_205' title='bbox 1067 4928 1160 5022; x_wconf 90' lang='lat' dir='ltr'>cibi</span> <span class='ocrx_word' id='word_1_206' title='bbox 1177 4925 1269 5021; x_wconf 84' lang='lat' dir='ltr'>offa</span> <span class='ocrx_word' id='word_1_207' title='bbox 1291 4928 1341 5017; x_wconf 93' lang='lat' dir='ltr'>in</span> <span class='ocrx_word' id='word_1_208' title='bbox 1362 4925 1602 5058; x_wconf 81' lang='lat' dir='ltr'>phaiynge</span> <span class='ocrx_word' id='word_1_209' title='bbox 1619 4925 1811 5020; x_wconf 73' lang='lat' dir='ltr'>haereret</span> 
     </span>
     <span class='ocr_line' id='line_1_29' title="bbox 306 5065 1808 5211; baseline 0.009 -50"><span class='ocrx_word' id='word_1_210' title='bbox 306 5072 358 5164; x_wconf 91' lang='lat' dir='ltr'>in</span> <span class='ocrx_word' id='word_1_211' title='bbox 401 5081 721 5176; x_wconf 85' lang='lat' dir='ltr'>ventriculum</span> <span class='ocrx_word' id='word_1_212' title='bbox 757 5085 1082 5211; x_wconf 88' lang='lat' dir='ltr'>perpellenda;</span> <span class='ocrx_word' id='word_1_213' title='bbox 1123 5087 1318 5178; x_wconf 89' lang='lat' dir='ltr'>demum</span> <span class='ocrx_word' id='word_1_214' title='bbox 1350 5065 1562 5209; x_wconf 43' lang='lat' dir='ltr'>aphonia&#39;</span> <span class='ocrx_word' id='word_1_215' title='bbox 1595 5084 1808 5209; x_wconf 86' lang='lat' dir='ltr'>perfecta.</span> 
     </span>
     <span class='ocr_line' id='line_1_30' title="bbox 306 5227 1808 5376; baseline 0.005 -49"><span class='ocrx_word' id='word_1_216' title='bbox 306 5227 414 5327; x_wconf 86' lang='lat' dir='ltr'>Haec</span> <span class='ocrx_word' id='word_1_217' title='bbox 431 5262 804 5376; x_wconf 85' lang='lat' dir='ltr'>symptomatum</span> <span class='ocrx_word' id='word_1_218' title='bbox 826 5243 961 5334; x_wconf 87' lang='lat' dir='ltr'>series</span> <span class='ocrx_word' id='word_1_219' title='bbox 982 5241 1263 5366; x_wconf 83' lang='lat' dir='ltr'>plusquam</span> <span class='ocrx_word' id='word_1_220' title='bbox 1290 5240 1473 5370; x_wconf 81' lang='lat' dir='ltr'>vigesies</span> <span class='ocrx_word' id='word_1_221' title='bbox 1501 5261 1717 5368; x_wconf 85' lang='lat' dir='ltr'>aegrotam</span> <span class='ocrx_word' id='word_1_222' title='bbox 1743 5241 1808 5334; x_wconf 84' lang='lat' dir='ltr'>ita</span> 
     </span>
    </p>
   </div>
   <div class='ocr_carea' id='block_1_3' title="bbox 0 0 2542 6816">
    <p class='ocr_par' dir='ltr' id='par_1_5' title="bbox 0 0 2542 6816">
     <span class='ocr_line' id='line_1_31' title="bbox 0 0 2542 6816; baseline 0 10"><span class='ocrx_word' id='word_1_223' title='bbox 0 0 2542 6816; x_wconf 95' lang='lat' dir='ltr'> </span> 
     </span>
    </p>
   </div>
  </div>
 </body>
</html>
