5080 6812
1121 693 1183 821 67

405 916 534 1010 culos
559 913 712 1007 divelli
747 931 986 1038 poterant,
1010 909 1069 1001 ad
1097 909 1272 1004 diversa
1299 908 1545 1024 abeunteS,
1570 909 1691 1029 sicut
1713 904 1909 1038 Scarpae

405 1073 572 1200 obtigit
599 1068 805 1161 facultas
932 1061 973 1074 ”
1203 1077 1284 1184 ·,,’

479 1228 536 1318 ln
566 1257 729 1354 genere
758 1223 903 1350 legem
933 1251 1174 1348 agnoscere
1200 1251 1450 1346 possumus
1467 1242 1782 1335 constantem,
1812 1249 1907 1343 qua

405 1381 672 1474 stabilitum
696 1400 781 1491 est,
808 1376 959 1499 quod,
994 1406 1090 1498 quo
1121 1367 1298 1501 majora
1325 1376 1422 1466 sint
1446 1359 1651 1503 ganglia,
1686 1410 1740 1468 eo
1765 1376 1910 1503 magis

405 1535 667 1630 substantia
705 1553 894 1625 careant
928 1529 1414 1657 globulos0·cinerea;
1453 1543 1554 1653 quo
1584 1533 1769 1642 minora
1803 1564 1918 1638 vero,

363 1797 367 1806 ,
407 1694 629 1806 evadant,
669 1722 722 1782 eo
761 1687 870 1815 plus
914 1687 1034 1778 adsit
1072 1686 1280 1813 ejusdem
1316 1686 1610 1801 substantiae,
1652 1667 1756 1809 quae
1801 1709 1908 1780 tum

407 1847 609 1940 colorem
643 1845 806 1971 recipit
834 1843 1070 1969 profunde
1101 1841 1290 1934 flavum.

480 2003 660 2095 Omnia
691 1999 873 2128 ganglia
904 1993 1104 2123 spinalia
1139 1998 1299 2088 eadem
1323 1987 1527 2088 ‘materie
1560 1997 1753 2123 praedita
1783 2019 1909 2090 sunt.

478 2157 519 2277 §.
546 2156 626 2248 86.
665 2155 809 2271 Quod
836 2154 895 2244 ad
921 2183 1040 2243 vaso
1069 2149 1363 2278 gangliorum
1389 2153 1581 2267 attinet,
1613 2131 1786 2244 notum
1816 2175 1910 2266 est,

408 2313 504 2406 haee
530 2308 735 2436 recipere
757 2306 1046 2408 ramusculos
1065 2305 1125 2397 ab
1153 2305 1330 2397 arteriis
1349 2327 1396 2397 et
1416 2307 1543 2398 venis
1566 2309 1776 2433 partium
1804 2308 1914 2433 ipsis

407 2469 684 2560 vicinarum.
720 2463 797 2557 Sic
815 2457 1035 2590 ganglion
1055 2459 1273 2552 cervicale
1291 2493 1567 2586 supremum
1595 2495 1748 2555 ramos
1768 2441 1913 2554 lrabet

408 2655 435 2712 a
461 2620 665 2714 carotide
696 2620 907 2730 interna,
939 2615 998 2707 ab
1029 2609 1196 2706 arteria
1233 2635 1280 2705 et
1313 2645 1429 2707 vena
1457 2605 1723 2744 pharyngea
1761 2649 1913 2710 ascen-

409 2778 569 2889 dente,
606 2797 713 2882 etc.;
749 2767 968 2899 ganglion
1004 2770 1225 2862 cervicale
1260 2771 1495 2885 medium,
1529 2772 1593 2863 ab
1620 2775 1785 2864 arteria
1812 2747 1914 2900 thy-

408 2934 589 3026 reoidea
608 2929 839 3036 inferiori;
863 2926 1154 3020 thoracicum
1173 2927 1407 3052 primum,
1426 2961 1451 3016 a
1472 2927 1654 3020 ramise
1676 2927 1911 3020 subclavia

409 3089 579 3197 enatis3
607 3083 789 3213 ganglia
816 3081 1048 3174 thoracica
1074 3080 1275 3203 reliqua,
1304 3080 1365 3172 ab
1389 3081 1781 3197 intercostalibus,
1804 3107 1911 3177 tum

410 3243 618 3354 arteriis,
659 3235 767 3332 tum·
804 3239 956 3346 renis3
991 3235 1211 3365 ganglion
1245 3235 1549 3353 semilunare‚
1589 3272 1615 3329 a
1651 3239 1911 3365 phrenicis,

408 3394 806 3525 suprarenalibm,
844 3413 930 3483 etc.
1726 3403 1728 3408 ·

477 3541 531 3646 ¹Si
558 3549 778 3678 ganglion
804 3545 961 3672 plures
984 3544 1338 3658 habetnervos,
1363 3545 1446 3668 qui
1474 3546 1594 3639 illud
1621 3548 1806 3640 intrant
1841 3551 1910 3642 vel

343 3825 352 3842 ¹
409 3741 548 3800 exeo
587 3705 921 3833 egrediuntur,
959 3722 1066 3793 tum
1105 3691 1432 3823 unusquisque
1464 3734 1634 3794 nervus
1665 3737 1691 3794 a
1727 3681 1912 3798 vasculo

350 3925 363 3951 .
411 3865 629 3958 arterioso
656 3860 930 3970 comitatur,
951 3878 1095 3979 atque
1120 3888 1313 3970 venoso,
1341 3861 1469 3979 quod
1493 3861 1533 3950 ei
1554 3860 1689 3981 quasi·
1706 3863 1912 3954 accrevit.

484 4022 540 4111 ln
567 4051 672 4110 vasa
698 4012 868 4146 ganglii
900 4011 1131 4105 cervicalis
1158 4014 1365 4137 supremi
1399 3992 1661 4137 inquirenti
1701 4039 1795 4108 rete
1820 4050 1912 4109 sese

413 4176 531 4268 mihi
563 4171 739 4267 obtulit
767 4171 819 4260 in
855 4169 1061 4261 secundo
1090 4167 1354 4281 involucro,
1387 4203 1413 4260 a
1443 4192 1648 4291 quatuor
1680 4171 1913 4264 trunculis

412 4327 724 4459 proveniens¹
761 4325 976 4417 Materies
1008 4357 1189 4415 ceracea
1221 4325 1364 4415 rultra
1394 4325 1574 4420 vascula
1610 4327 1795 4418 minora
1830 4299 1914 4418 im-

411 4487 614 4616 pleverat
659 4486 753 4575 scre
796 4480 989 4593 omnia,
1033 4480 1294 4570 secuudum
1342 4479 1689 4607 longitudinem
1738 4482 1913 4610 ganglii

414 4640 718 4736 decurrentia.
767 4637 910 4752 Quod
943 4637 994 4727 in
1026 4635 1128 4726 aliis
1166 4634 1277 4725 locis
1313 4635 1603 4748 observatur,
1640 4637 1688 4728 id
1720 4638 1770 4727 in
1805 4670 1913 4764 gan·

412 4801 614 4928 gliorum
651 4796 765 4886 vasis
802 4823 992 4914 quoque
1035 4791 1258 4903 occurrit,
1284 4823 1486 4916 nempe,
1525 4792 1766 4885 interdum
1798 4796 1914 4887 duas

413 4989 499 5082 pro
537 4986 634 5045 una
666 4941 880 5041 arteriola
916 4947 1068 5038 adesse
1101 4945 1305 5037 venulas.
1848 4927 1852 4937 ’

461 5311 470 5340 ¹
493 5307 632 5373 Tabula
656 5311 783 5384 quartae
805 5299 915 5386 figura
938 5296 1069 5382 prima,
1092 5296 1155 5360 liu.
1180 5296 1209 5358 b.
1234 5297 1263 5358 b.
1289 5297 1318 5359 b.
1342 5298 1372 5359 b.
1398 5327 1401 5333 ·
