5080 6812
1369 657 1428 782 tl

646 899 790 1000 atque
823 874 1023 966 decursu
1055 867 1225 962 deduci
1262 889 1416 996 potest
1445 867 1703 995 propositio
1738 866 1986 996 generalis,
2028 872 2160 993 quod

646 1041 817 1126 nervus
846 1031 1086 1123 cardiacus
1120 1027 1280 1120 dexter
1314 1027 1407 1120 lere
1436 1024 1525 1120 toti
1562 1025 1690 1119 cordi
1709 1027 2004 1154 prospiciat,
2039 1029 2160 1122 dum

644 1190 831 1282 sinister
852 1187 986 1312 quasi
1007 1207 1074 1278 cst
1091 1183 1390 1297 accessorius,
1411 1204 1557 1306 atque
1578 1183 1770 1275 adeum
1791 1213 1988 1309 scopum
2008 1184 2162 1278 adesse

646 1345 855 1457 ridetur,
888 1364 945 1434 ut
970 1341 1030 1434 ab
1060 1340 1160 1466 ejus
1193 1339 1532 1470 propaginibus
1563 1339 1682 1432 rami
1708 1339 1857 1430 dextri
1888 1337 2045 1432 lateris
2067 1372 2163 1434 cors

648 1501 945 1595 roborentur.

720 1655 867 1748 Aliud
891 1653 1255 1769 consectarium,
1287 1663 1327 1746 a
1343 1652 1645 1746 celeberrimo
1675 1645 1865 1782 Scorpo
1887 1650 1985 1778 jam
2012 1683 2164 1747 anun·

649 1811 883 1926 ciatum¹,
935 1811 1003 1904 sic
1050 1830 1188 1903 sonat
1225 1847 1238 1901 ε
1278 1877 1300 1920 .
1333 1810 1479 1926 Quod
1535 1841 1789 1903 nervorum
1837 1809 2160 1904 cardiacorum

649 2039 670 2079 ,
724 1968 972 2091 utriusque
992 1967 1149 2062 lateris
1168 1968 1464 2095 propagines,
1493 1968 1742 2062 manifesto
1767 1968 1827 2062 ad
1853 1967 1990 2062 basin
2011 1968 2163 2060 cordis

649 2171 672 2235 4,
722 2133 770 2218 s'e
809 2124 1012 2217 invicem
1054 2123 1374 2238 decussantes,
1412 2123 1478 2216 ita
1512 2126 1573 2216 ad
1611 2157 1691 2216 cor
1734 2124 2065 2239 contendunt,
2108 2143 2164 2215 ut

651 2347 671 2392 ,
723 2279 868 2406 hujus
908 2281 1089 2372 visceris
1134 2269 1340 2403 utraque
1378 2281 1542 2410 plaga,
1590 2281 1800 2374 anterior
1838 2280 2072 2374 nimirum
2117 2301 2165 2371 et

650 2493 681 2547 .·
721 2437 980 2566 posterior,
1031 2470 1086 2529 ex
1124 2436 1374 2559 utriusque
1416 2437 1572 2530 lateris
1614 2437 1826 2530 cardiaco
1867 2469 2033 2530 nervea
2083 2432 2163 2528 fila

652 2591 684 2703 ,⁴
725 2594 930 2721 recipiat.
961 2603 980 2642 ⁹
1007 2592 1099 2688 Sed
1120 2593 1171 2685 in
1191 2625 1246 2685 eo
1263 2591 1577 2686 illustrissimo
1593 2594 1694 2686 viro
1713 2595 1925 2688 assentiri
1946 2625 2046 2688 non
2066 2625 2167 2720 pos·

649 2783 778 2861 sum,
808 2748 1003 2872 quando
1026 2781 1195 2840 nervos
1220 2749 1453 2841 cardiacos
1479 2745 1735 2842 admodum
1763 2744 1926 2843 molles
1953 2748 2165 2873 aequasi

587 3003 599 3034 ‚
647 2901 925 3034 gelatinosae
943 2898 1115 2996 indolis
1133 2903 1461 3030 pronunciat,²
1482 2905 1635 3000 Exiles
1653 2906 1848 3029 quidem
1868 2906 1991 3032 ipsos
2010 2908 2170 3034 depre-

651 3059 799 3156 hendi
833 3082 977 3183 atque
1002 3060 1266 3154 admodum
1294 3059 1508 3177 subtiles,
1542 3063 1622 3156 sed
1652 3095 1767 3156 non·
1784 3062 2036 3156 teneriores
2061 3061 2169 3155 aliis

653 3240 774 3315 etex
792 3217 895 3310 aliis
917 3218 1131 3312 lontibus
1152 3219 1405 3346 productis.
1436 3219 1680 3336 Ceterum,
1707 3200 1833 3313 inter
1853 3217 1974 3347 ipsos
2002 3249 2169 3313 nervos

648 3374 885 3468 cardiacos
912 3376 1129 3498 quaedum
1151 3375 1420 3494 differentia
1443 3377 1727 3470 intercedere
1751 3374 1873 3468 mihi
1901 3375 2167 3491 ridebatur,

654 3531 837 3624 ratione
860 3531 1033 3625 indolis
1048 3532 1377 3626 surculorum:
1397 3566 1571 3661 nempe
1598 3533 1728 3627 nervi
1750 3532 1902 3626 cordis
1918 3532 2168 3661 profundi,

655 3686 781 3780 inter
818 3709 1004 3782 aortam
1039 3710 1087 3781 et
1122 3691 1343 3784 arteriam
1383 3687 1715 3818 pulmonalcm
1748 3689 1857 3806 siti,
1894 3690 2078 3783 minus
2100 3719 2171 3780 ro·

654 3844 797 3938 tundi
827 3865 971 3970 atque
1005 3845 1252 3975 cylindrici
1285 3848 1545 3968 minusque
1571 3847 1748 3939 succosi
1772 3868 1916 3940 crant
1949 3844 2168 3968 reliquis,

653 4001 732 4095 sed
759 4000 1050 4130 complanati
1078 4003 1239 4130 potius
1264 4000 1584 4096 cernebantur
1613 4024 1758 4127 atque
1784 4005 1845 4095 ad
1870 4003 2068 4131 parietes
2097 4033 2171 4097 va-

655 4188 818 4250 sorum
848 4155 1141 4286 agglutinati.

726 4317 770 4435 ς.
792 4311 872 4406 ab
904 4312 1135 4409 Absoluta
1163 4347 1298 4410 nunc
1325 4347 1579 4409 nervorum
1607 4315 1930 4409 cardiacorum
1954 4314 2171 4429 historia,

657 4472 717 4564 ad
757 4491 988 4564 truncum
1027 4472 1158 4566 nervi
1197 4472 1506 4568 intercostalis
1543 4474 1818 4592 redeamus,
1861 4504 2005 4597 quem
2041 4469 2169 4598 apud

654 4627 876 4758 ganglion
914 4627 1210 4725 thoracicum
1242 4631 1459 4758 primum
1495 4609 1788 4755 reliquimus.

731 4782 972 4914 Ganglion
997 4787 1148 4902 istud,
1173 4791 1305 4914 quod
1332 4789 1599 4883 maximum
1628 4820 1741 4882 sane
1762 4785 2035 4916 symbolum
2063 4813 2174 4879 con·

658 4941 747 5036 fert
780 4941 840 5034 ad
871 4944 1234 5070 producendum
1260 4945 1456 5075 plexum
1485 4945 1778 5062 cardiacum,
1809 4965 1974 5074 praeter
2007 4971 2171 5036 nervos

707 5177 717 5206 ⁸
742 5177 795 5240 Dc
817 5173 932 5240 nervis
956 5177 1141 5260 cardiacis,
1166 5177 1196 5265 §-
1215 5179 1293 5243 vll.

703 5281 724 5346 ἴ
741 5293 781 5352 1.
802 5311 831 5355 c·
842 5333 854 5377 ,
874 5291 905 5375 §t
922 5293 1048 5356 xxtv.
