5076 6816
1074 719 1193 889 ι6ι

485 937 505 976 ⁰
441 939 736 1038 aMorhus
761 937 1006 1066 organicus
1027 879 1343 1064 peculiaris,
1331 970 1382 1030 m
1413 968 1510 1062 quo
1540 935 1636 1034 sola
1668 943 1875 1072 epididy

364 1097 455 1191 mis
486 1099 538 1188 in
568 1095 792 1225 cystidem
828 1113 1066 1208 mutatur,
1097 1092 1332 1217 liquorem
1362 1124 1571 1191 serosum
1598 1094 1908 1213 vehentem,

364 1275 412 1345 et
448 1284 593 1376 quem
634 1273 827 1378 propter
861 1250 987 1340 hanc
1027 1251 1261 1343 rationem
1298 1247 1639 1382 epidissdymtco
1647 1249 1908 1382 cystidem·

364 1385 598 1534 appellare
621 1407 814 1521 leserit,
842 1407 944 1532 pari
970 1406 1113 1498 modo
1134 1406 1431 1500 ramulorum
1452 1407 1873 1513 nerveorum‘mibi
1900 1405 1902 1411 ’

281 1578 285 1586 ’
365 1561 543 1656 obtulit
567 1563 752 1688 copiam
778 1562 838 1653 ad
867 1579 1033 1652 testem
1064 1561 1209 1655 istum
1240 1563 1604 1687 pervenientem.
1921 1557 1929 1564 ’

441 1713 504 1810 3?
522 1721 580 1811 ln
596 1718 820 1847 glandula
843 1716 1112 1844 thyreoidea
1141 1717 1398 1811 voluminis
1417 1719 1634 1848 insignis,
1653 1719 1876 1846 ponderis

364 1897 573 1998 quatuor
591 1873 844 1984 librarum,
871 1849 922 1964 in
955 1873 1231 1967 innumeras
1253 1875 1449 2002 cystides
1474 1865 1769 2002 degenerata,
1789 1873 1877 1966 hu·
1899 1875 1905 1916 *

363 2037 495 2121 more
515 2028 716 2153 limpido
734 2060 787 2118 ac
806 2025 1062 2155 gelatinoso
1081 2050 1327 2142 scatentes,
1343 2061 1507 2122 nervos
1525 2030 1620 2121 vidi
1638 2031 1874 2156 perquam
1899 2051 1905 2066 '

364 2215 649 2276 numerosos.
696 2182 807 2275 Tres
842 2181 1000 2273 trunci
1036 2185 1268 2301 nervei,a
1307 2214 1448 2276 nervo
1479 2184 1696 2313 laryngeo
1731 2206 1876 2308 atque

362 2339 547 2469 ganglia
566 2336 727 2429 olivari
753 2335 927 2448 educti,
952 2337 1002 2427 in
1019 2339 1188 2460 'quovis
1203 2338 1347 2432 latere
1365 2337 1874 2466 glandulamadibant,

364 2517 509 2618 atque
535 2493 725 2586 arterias
750 2491 1042 2620 thyreoidcas
1065 2495 1323 2620 superiores
1343 2479 1709 2588 comitabantur.
1737 2495 1875 2611 Quis
1896 2530 1899 2541 ’

364 2682 458 2773 que
493 2649 670 2741 arteriae
707 2678 866 2737 ramus
903 2646 1086 2740 socium
1123 2647 1297 2740 habuit
1334 2648 1577 2741 ramulum
1622 2680 1874 2767 nerveum,

362 2805 493 2898 baud
523 2804 693 2895 intime
722 2800 897 2894 tunicis
919 2831 1139 2895 vasorum
1153 2823 1520 2917 accrescentem,
1551 2804 1630 2895 sed
1660 2804 1761 2902 telae
1790 2804 1876 2899 cel·

362 2961 521 3054 lulosae
547 2993 636 3088 ope
664 2943 776 3051 cum
800 2957 897 3050 istis
922 2957 1246 3050 cohaerentem.
1284 2957 1467 3052 Omnes
1489 2993 1595 3052 vero
1621 2963 1898 3055 neriorum'

364 3116 561 3229 ramuli,
593 3113 684 3206 filis
715 3114 1066 3207 anastomoticis
1091 3115 1218 3208 inter
1245 3147 1293 3207 se
1314 3114 1493 3239 juncti,
1522 3115 1714 3241 plexum
1745 3116 1876 3211 effor-

363 3251 563 3366 mabant
581 3268 905 3396 spectabilem,
927 3301 1038 3360 cum
1067 3269 1218 3361 nervis
1243 3269 1445 3395 oppositi
1474 3268 1630 3362 lateris
1652 3272 1876 3398 conjunc-

364 3452 492 3542 tum,
528 3425 686 3521 attali
715 3423 859 3522 modo
890 3456 1115 3516 coronam
1148 3424 1424 3516 efficientem
1461 3425 1581 3517 circa
1611 3427 1898 3556 marginem·

362 3581 596 3714 glandulae
610 3581 899 3708 superiorem
917 3580 1126 3672 ductam.
1145 3581 1216 3672 Ex
1236 3580 1320 3673 ista
1341 3613 1513 3673 corona
1530 3583 1892 3696 descendebant

364 3738 536 3834 ramuli
555 3770 695 3865 super
715 3734 882 3827 faciem
901 3735 1110 3862 ejusdem
1126 3734 1360 3864 glandulae
1378 3757 1618 3828 externam
1627 3769 1875 3860 ,quorum

366 3928 493 3989 unus
521 3929 605 4021 per
627 3892 948 3984 anastomosin
977 3890 1172 4015 junctus
1195 3912 1295 3983 erat
1319 3890 1509 3984 surculo
1533 3894 1825 4012 ascendenti,
1846 3928 1873 3985 a

367 4059 631 4145 recurrente
659 4049 777 4139 forte
806 4046 1117 4172 provenienti.

293 4315 300 4322 ,
438 4208 685 4319 Ceterum,
716 4233 881 4294 omnes
905 4202 957 4294 hi
981 4203 1110 4294 nervi
1138 4200 1421 4330 thyreoidei,
1448 4235 1656 4327 quorum
1684 4207 1798 4300 retia
1820 4207 1872 4300 in

365 4365 576 4492 margine
590 4357 817 4485 superiori
842 4357 1077 4485 glandulae
1100 4355 1219 4449 circa
1237 4389 1342 4450 vasa
1369 4359 1586 4452 arteriosa
1614 4361 1874 4455 admiratus

364 4551 497 4634 sum,
530 4517 601 4610 nil
637 4514 885 4609 insolitum
915 4512 1225 4607 ostenderunt
1253 4514 1305 4606 in
1340 4546 1426 4607 suo
1454 4514 1625 4609 habitu
1653 4539 1700 4610 et
1730 4539 1875 4612 struc-

368 4681 488 4769 t'ura.

438 4836 479 4952 ς.
514 4822 624 4922 153.
660 4825 798 4919 Hisce
820 4855 928 4918 vero
955 4824 1554 4920 contrariumobservatur
1585 4805 1686 4920 aliis
1719 4827 1771 4918 in
1804 4861 1874 4920 ca·

365 4987 516 5100 sibus,
538 4984 621 5077 ubi
639 5015 811 5107 nempe
828 4981 1080 5076 nervorum
1102 4999 1332 5074 numerus
1344 4981 1477 5075 valde
1490 5004 1558 5075 est
1573 4983 1872 5077 imminutus.

438 5145 621 5234 Renem
646 5140 815 5231 inveni
831 5159 988 5230 totum
1015 5169 1042 5228 a
1067 5125 1409 5266 suppuratione
1438 5169 1649 5254 exesum,
1678 5139 1871 5231 nonnisi

366 5296 605 5426 capsulam
635 5292 1116 5389 coriaceo-lardaceam
1147 5295 1445 5411 referentem,
1479 5294 1610 5386 intus
1632 5326 1751 5424 pure
1780 5292 1874 5424 ple-

1479 5479 1537 5542 ιι
