5076 6816
1412 657 1511 758 136

706 878 858 973 mitur
887 872 959 968 vel
990 896 1117 967 extra
1152 905 1257 966 eam
1287 875 1555 1000 prominet,
1582 871 1738 966 lucem
1764 904 1997 1000 perquam
2023 873 2217 970 moleste

709 1034 819 1142 fert;
846 1029 1032 1158 pupilla
1056 1049 1396 1145 contractatur,
1420 1031 1634 1159 lacrymae
1659 1029 1798 1126 rivuli
1821 1030 1970 1123 instar
1988 1029 2216 1146 effluunt,

706 1187 939 1316 palpebra
968 1186 1197 1301 rutilant,
1228 1218 1362 1280 nares
1392 1186 1605 1280 multum
1631 1185 1817 1279 stillant
1845 1217 2015 1316 serum.
2062 1186 2217 1280 Facile

709 1341 1149 1469 comprehenditur,
1174 1343 1416 1466 quomodo
1437 1343 1535 1436 baec
1558 1362 1876 1471 symptomata
1897 1375 1952 1435 ex
1977 1342 2117 1436 variis
2138 1343 2216 1436 ab·

709 1499 917 1606 dominis
939 1499 1064 1592 vitiis
1083 1499 1419 1625 producuntur
1437 1535 1448 1590 :
1466 1497 1774 1607 arctissimam
1793 1497 1925 1592 enim
1947 1499 2076 1592 nervi
2095 1530 2215 1626 sym-

708 1653 935 1783 pathetici
968 1686 1079 1747 cum
1110 1653 1284 1777 quinto
1314 1654 1440 1780 pari,
1482 1685 1625 1746 nervo
1664 1685 1778 1782 vago
1807 1675 1855 1746 et
1893 1655 2045 1747 nervis
2080 1654 2217 1746 cervi-

710 1811 891 1904 calibus
913 1811 1008 1904 'esse
1027 1809 1539 1923 communicationem,
1566 1841 1619 1901 ex
1648 1809 1915 1903 anatomica
1939 1809 2085 1936 hujus
2102 1833 2216 1903 trae

553 2065 562 2082 ,
712 1988 840 2062 tatus
854 1967 1059 2058 sectione
1071 1965 1397 2092 comperimus.
1416 1961 1596 2059 Affecto
1616 1997 1722 2093 ergo
1738 1964 1791 2058 in
1804 1965 2060 2059 abdomine
2075 1997 2219 2058 nervo

711 2119 1018 2235 intercostali,
1040 2119 1111 2212 vel
1134 2120 1234 2247 pari
1261 2152 1394 2250 vago,
1415 2120 1549 2214 facile
1575 2119 1775 2250 irritatio
1797 2121 2017 2216 transibit
2039 2122 2091 2214 in
2117 2154 2218 2214 ner-

711 2279 1010 2405 voscapitis,
1038 2275 1219 2369 dolores
1249 2299 1296 2369 et
1315 2308 1522 2404 spasmos
1554 2277 1793 2393 excitabit,
1821 2277 1915 2400 qui
1946 2309 2001 2370 eo
2036 2275 2220 2382 facilius

579 2553 583 2562 δ
704 2433 1026 2562 contingunt,
1063 2463 1162 2556 quo
1192 2431 1364 2548 simul,
1400 2454 1456 2528 ut
1481 2432 1767 2561 plerumque
1792 2429 1870 2547 fit,
1918 2433 1981 2526 ob
2013 2464 2221 2560 spasmos

713 2587 1062 2710 abdominales,
1090 2588 1335 2721 sanguinis
1363 2589 1424 2682 ad
1459 2589 1625 2717 capitis
1658 2621 1763 2682 vasa
1803 2587 1955 2716 major
1985 2589 2222 2718 congestio

714 2744 878 2840 oritur.
1589 2725 1591 2730 ⁵

787 2906 831 3021 f.
872 2897 982 2992 126.
1036 2898 1331 3018 Quotidiana
1361 2903 1644 3030 experientia
1686 2903 1842 3017 docet,
1887 2899 2221 3032 cephalalgiam

714 3055 1067 3150 consensualem
1097 3090 1152 3150 ex
1190 3057 1512 3154 obstructione
1544 3059 1635 3153 alvi
1666 3059 2039 3183 frequentissime
2081 3059 2220 3152 nasci.

716 3212 1052 3326 Gravissimam
1082 3210 1367 3339 cephalaeam
1392 3215 1703 3344 purgantium
1734 3248 1823 3343 ope
1855 3235 2140 3308 sanaverunt
2165 3211 2221 3306 F.

715 3365 1000 3489 Hoffmann,
1023 3367 1074 3463 V
1072 3363 1372 3462 an-Swicten
1378 3439 1395 3483 ,
1416 3391 1463 3464 et
1484 3371 1728 3466 innumeri
1746 3371 1841 3465 alii.
1863 3369 2222 3495 Qualiscunque

715 3526 777 3618 sit
810 3525 1008 3640 modus,
1030 3555 1147 3648 'quo
1185 3523 1350 3652 capitis
1385 3523 1577 3621 affectus
1614 3526 1919 3654 producitur,
1954 3528 2002 3620 id
2039 3547 2221 3620 eertum

718 3703 808 3799 est,
843 3682 973 3805 quod
1015 3680 1257 3774 abnormis
1289 3682 1628 3778 intestinorum
1665 3705 1813 3778 status
1846 3715 1929 3810 per
1965 3715 2128 3777 nervos
2163 3681 2222 3776 ad

719 3836 962 3932 cerebrum
992 3834 1278 3952 reflectatur,
1315 3867 1415 3930 non
1455 3841 1544 3932 nisi
1584 3870 1668 3966 per
1699 3840 2052 3934 irritamentum
2089 3839 2225 3930 intes

718 3993 825 4088 tino
846 3993 1096 4087 admotum
1131 3991 1360 4122 (purgans
1382 3995 1579 4123 nempe)
1609 3995 1783 4091 iterum
1806 3997 1864 4090 ad
1892 3996 2111 4090 inferiora
2141 3996 2225 4088 du-

722 4150 909 4284 cendus.

792 4309 834 4427 S.
873 4335 983 4433 127.
1035 4305 1282 4401 Viscorum
1319 4307 1769 4439 chylopoieticorum
1810 4310 2037 4405 infacetus
2083 4329 2230 4431 atque

725 4461 992 4578 induratio,
1010 4494 1263 4558 nervorum
1290 4464 1671 4563 abdominalium
1698 4467 1973 4595 temperiem
1995 4487 2138 4589 atque
2162 4485 2229 4556 to-

589 4635 602 4658 ·
724 4649 847 4712 num
881 4617 1101 4741 equidem
1137 4619 1202 4712 ita
1225 4643 1406 4738 mutat,
1438 4644 1494 4716 ut
1518 4625 1685 4718 exinde
1707 4624 1994 4720 sensationes
2012 4621 2231 4715 oriantur

723 4773 948 4888 molestae,
979 4797 1124 4898 atque
1154 4777 1476 4904 impressiones
1498 4781 1811 4874 traducantur
1837 4780 2046 4908 ingratae,
2073 4775 2133 4868 ad
2157 4807 2228 4868 ca-

724 4951 816 5060 put
833 4961 916 5057 per
938 4930 1217 5058 cephalaeam
1248 4956 1333 5027 aut
1359 4937 1634 5066 vertiginem
1656 4969 1750 5030 sese
1768 4935 2131 5037 manifestantes.
2165 4933 2228 5024 Et

725 5085 1032 5180 memorabile
1054 5110 1144 5202 est,
1168 5092 1297 5214 quod
1324 5089 1590 5190 affectiones
1615 5125 1670 5186 ex
1686 5093 1775 5186 hac
1806 5123 1942 5184 eausa
1968 5086 2229 5214 aliquando

726 5264 870 5372 caput
902 5275 927 5336 e
967 5241 1110 5338 latere
1140 5246 1320 5341 visceris
1355 5250 1561 5350 morbosi
1598 5251 1848 5367 invadant,
1896 5248 2011 5344 adeo
2029 5317 2064 5366 ,.
2086 5265 2142 5340 ut
2172 5274 2229 5338 ex
