<?xml version="1.0" encoding="UTF-8"?>
<!DOCTYPE html PUBLIC "-//W3C//DTD XHTML 1.0 Transitional//EN"
    "http://www.w3.org/TR/xhtml1/DTD/xhtml1-transitional.dtd">
<html xmlns="http://www.w3.org/1999/xhtml" xml:lang="en" lang="en">
 <head>
  <title>
</title>
<meta http-equiv="Content-Type" content="text/html;charset=utf-8" />
  <meta name='ocr-system' content='tesseract 3.04.00' />
  <meta name='ocr-capabilities' content='ocr_page ocr_carea ocr_par ocr_line ocrx_word'/>
</head>
<body>
  <div class='ocr_page' id='page_1' title='image "./denervisympathe00lobsgoog_0072.png"; bbox 0 0 5080 6812; ppageno 0'>
   <div class='ocr_carea' id='block_1_1' title="bbox 1092 705 1168 804">
    <p class='ocr_par' dir='ltr' id='par_1_1' title="bbox 1092 705 1168 804">
     <span class='ocr_line' id='line_1_1' title="bbox 1092 705 1168 804; baseline 0 0"><span class='ocrx_word' id='word_1_1' title='bbox 1092 705 1168 804; x_wconf 83' lang='lat'>55·</span> 
     </span>
    </p>
   </div>
   <div class='ocr_carea' id='block_1_2' title="bbox 373 899 1884 1210">
    <p class='ocr_par' dir='ltr' id='par_1_2' title="bbox 373 899 1884 1210">
     <span class='ocr_line' id='line_1_2' title="bbox 375 899 1884 1055; baseline 0.004 -39"><span class='ocrx_word' id='word_1_2' title='bbox 375 919 536 1018; x_wconf 87' lang='lat' dir='ltr'>octava</span> <span class='ocrx_word' id='word_1_3' title='bbox 564 926 773 1018; x_wconf 88' lang='lat' dir='ltr'>vertebra</span> <span class='ocrx_word' id='word_1_4' title='bbox 798 928 921 1020; x_wconf 91' lang='lat' dir='ltr'>dorsi</span> <span class='ocrx_word' id='word_1_5' title='bbox 949 927 1008 1020; x_wconf 88' lang='lat' dir='ltr'>ad</span> <span class='ocrx_word' id='word_1_6' title='bbox 1038 929 1246 1054; x_wconf 85' lang='lat' dir='ltr'>primam</span> <span class='ocrx_word' id='word_1_7' title='bbox 1271 926 1534 1020; x_wconf 89' lang='lat' dir='ltr'>lumbalem</span> <span class='ocrx_word' id='word_1_8' title='bbox 1559 931 1695 1055; x_wconf 88' lang='lat' dir='ltr'>spina</span> <span class='ocrx_word' id='word_1_9' title='bbox 1723 899 1884 1022; x_wconf 89' lang='lat' dir='ltr'>aderat</span> 
     </span>
     <span class='ocr_line' id='line_1_3' title="bbox 373 1076 1881 1210; baseline 0.003 -39"><span class='ocrx_word' id='word_1_10' title='bbox 373 1079 545 1194; x_wconf 90' lang='lat' dir='ltr'>bifida,</span> <span class='ocrx_word' id='word_1_11' title='bbox 585 1076 670 1174; x_wconf 92' lang='lat' dir='ltr'>ubi</span> <span class='ocrx_word' id='word_1_12' title='bbox 702 1083 820 1176; x_wconf 92' lang='lat' dir='ltr'>dura</span> <span class='ocrx_word' id='word_1_13' title='bbox 851 1107 1024 1197; x_wconf 88' lang='lat' dir='ltr'>mater,</span> <span class='ocrx_word' id='word_1_14' title='bbox 1057 1082 1318 1176; x_wconf 84' lang='lat' dir='ltr'>medullam</span> <span class='ocrx_word' id='word_1_15' title='bbox 1346 1079 1577 1210; x_wconf 84' lang='lat' dir='ltr'>spinalein</span> <span class='ocrx_word' id='word_1_16' title='bbox 1609 1085 1881 1199; x_wconf 75' lang='lat' dir='ltr'>investiens,</span> 
     </span>
    </p>
   </div>
   <div class='ocr_carea' id='block_1_3' title="bbox 372 1225 2043 1368">
    <p class='ocr_par' dir='ltr' id='par_1_3' title="bbox 372 1225 2043 1368">
     <span class='ocr_line' id='line_1_4' title="bbox 372 1225 2043 1368; baseline 0.002 -42"><span class='ocrx_word' id='word_1_17' title='bbox 372 1225 594 1362; x_wconf 82' lang='lat' dir='ltr'>apparuit</span> <span class='ocrx_word' id='word_1_18' title='bbox 626 1241 771 1331; x_wconf 93' lang='lat' dir='ltr'>nuda.</span> <span class='ocrx_word' id='word_1_19' title='bbox 820 1241 1137 1354; x_wconf 84' lang='lat' dir='ltr'>Duodenum,</span> <span class='ocrx_word' id='word_1_20' title='bbox 1176 1241 1227 1331; x_wconf 93' lang='lat' dir='ltr'>in</span> <span class='ocrx_word' id='word_1_21' title='bbox 1257 1241 1442 1367; x_wconf 82' lang='lat' dir='ltr'><strong>regione</strong></span> <span class='ocrx_word' id='word_1_22' title='bbox 1471 1238 1880 1368; x_wconf 79' lang='lat' dir='ltr'>hypochondriaca</span> <span class='ocrx_word' id='word_1_23' title='bbox 2002 1233 2043 1345; x_wconf 51' lang='lat'>,⁵</span> 
     </span>
    </p>
   </div>
   <div class='ocr_carea' id='block_1_4' title="bbox 245 1393 1937 5126">
    <p class='ocr_par' dir='ltr' id='par_1_4' title="bbox 368 1393 1937 2930">
     <span class='ocr_line' id='line_1_5' title="bbox 369 1393 1879 1524; baseline 0.003 -40"><span class='ocrx_word' id='word_1_24' title='bbox 369 1393 580 1507; x_wconf 87' lang='lat' dir='ltr'>sinistra,</span> <span class='ocrx_word' id='word_1_25' title='bbox 607 1396 658 1488; x_wconf 94' lang='lat' dir='ltr'>in</span> <span class='ocrx_word' id='word_1_26' title='bbox 682 1428 912 1524; x_wconf 88' lang='lat' dir='ltr'>magnum</span> <span class='ocrx_word' id='word_1_27' title='bbox 941 1396 1230 1489; x_wconf 85' lang='lat' dir='ltr'>dilatabatur</span> <span class='ocrx_word' id='word_1_28' title='bbox 1251 1428 1462 1511; x_wconf 89' lang='lat' dir='ltr'>saccum,</span> <span class='ocrx_word' id='word_1_29' title='bbox 1494 1398 1601 1518; x_wconf 90' lang='lat' dir='ltr'>qui,</span> <span class='ocrx_word' id='word_1_30' title='bbox 1624 1397 1675 1488; x_wconf 91' lang='lat' dir='ltr'>in</span> <span class='ocrx_word' id='word_1_31' title='bbox 1700 1403 1879 1488; x_wconf 77' lang='lat' dir='ltr'>coec‘um</span> 
     </span>
     <span class='ocr_line' id='line_1_6' title="bbox 372 1545 1937 1666; baseline 0.003 -27"><span class='ocrx_word' id='word_1_32' title='bbox 372 1545 521 1641; x_wconf 88' lang='lat' dir='ltr'>finem</span> <span class='ocrx_word' id='word_1_33' title='bbox 546 1551 784 1666; x_wconf 90' lang='lat' dir='ltr'>desinens,</span> <span class='ocrx_word' id='word_1_34' title='bbox 814 1553 903 1644; x_wconf 90' lang='lat' dir='ltr'>sub</span> <span class='ocrx_word' id='word_1_35' title='bbox 935 1551 1074 1644; x_wconf 91' lang='lat' dir='ltr'>colon</span> <span class='ocrx_word' id='word_1_36' title='bbox 1105 1575 1419 1644; x_wconf 84' lang='lat' dir='ltr'>transversum</span> <span class='ocrx_word' id='word_1_37' title='bbox 1447 1583 1540 1642; x_wconf 89' lang='lat' dir='ltr'>sese</span> <span class='ocrx_word' id='word_1_38' title='bbox 1563 1552 1880 1660; x_wconf 84' lang='lat' dir='ltr'>abscondidit;</span> <span class='ocrx_word' id='word_1_39' title='bbox 1934 1565 1937 1578; x_wconf 82' lang='grc'><strong><em>’</em></strong></span> 
     </span>
     <span class='ocr_line' id='line_1_7' title="bbox 371 1703 1883 1834; baseline 0.001 -40"><span class='ocrx_word' id='word_1_40' title='bbox 371 1703 487 1798; x_wconf 89' lang='lat' dir='ltr'>hinc</span> <span class='ocrx_word' id='word_1_41' title='bbox 518 1729 693 1800; x_wconf 87' lang='lat' dir='ltr'>tractus</span> <span class='ocrx_word' id='word_1_42' title='bbox 724 1709 1063 1803; x_wconf 83' lang='lat' dir='ltr'>intestinorum</span> <span class='ocrx_word' id='word_1_43' title='bbox 1095 1707 1238 1834; x_wconf 82' lang='lat' dir='ltr'>plane</span> <span class='ocrx_word' id='word_1_44' title='bbox 1274 1728 1372 1798; x_wconf 91' lang='lat' dir='ltr'>erat</span> <span class='ocrx_word' id='word_1_45' title='bbox 1403 1707 1709 1831; x_wconf 87' lang='lat' dir='ltr'>interruptus.</span> <span class='ocrx_word' id='word_1_46' title='bbox 1757 1706 1883 1831; x_wconf 87' lang='lat' dir='ltr'>Jeju-</span> 
     </span>
     <span class='ocr_line' id='line_1_8' title="bbox 372 1860 1883 2000; baseline 0.001 -48"><span class='ocrx_word' id='word_1_47' title='bbox 372 1891 493 1953; x_wconf 94' lang='lat' dir='ltr'>num</span> <span class='ocrx_word' id='word_1_48' title='bbox 514 1863 671 1990; x_wconf 79' lang='lat' dir='ltr'>gracili</span> <span class='ocrx_word' id='word_1_49' title='bbox 694 1866 977 2000; x_wconf 21' lang='lat' dir='ltr'>pr‘incipioa</span> <span class='ocrx_word' id='word_1_50' title='bbox 1004 1865 1282 1996; x_wconf 87' lang='lat' dir='ltr'>mesenterio</span> <span class='ocrx_word' id='word_1_51' title='bbox 1308 1863 1622 1955; x_wconf 90' lang='lat' dir='ltr'>enascebatur.</span> <span class='ocrx_word' id='word_1_52' title='bbox 1669 1860 1883 1989; x_wconf 88' lang='lat' dir='ltr'>Capsulae</span> 
     </span>
     <span class='ocr_line' id='line_1_9' title="bbox 369 1991 1882 2148; baseline 0.001 -39"><span class='ocrx_word' id='word_1_53' title='bbox 369 1991 695 2144; x_wconf 85' lang='lat' dir='ltr'>suprarenalcs</span> <span class='ocrx_word' id='word_1_54' title='bbox 729 1997 992 2113; x_wconf 88' lang='lat' dir='ltr'>admodum</span> <span class='ocrx_word' id='word_1_55' title='bbox 1027 2053 1177 2148; x_wconf 86' lang='lat' dir='ltr'>parvae</span> <span class='ocrx_word' id='word_1_56' title='bbox 1218 2042 1245 2111; x_wconf 88' lang='lat' dir='ltr'>a</span> <span class='ocrx_word' id='word_1_57' title='bbox 1283 2019 1476 2111; x_wconf 86' lang='lat' dir='ltr'>renibus</span> <span class='ocrx_word' id='word_1_58' title='bbox 1513 1996 1699 2140; x_wconf 86' lang='lat' dir='ltr'>aliquot</span> <span class='ocrx_word' id='word_1_59' title='bbox 1736 2017 1882 2111; x_wconf 86' lang='lat' dir='ltr'>lineas</span> 
     </span>
     <span class='ocr_line' id='line_1_10' title="bbox 369 2174 1881 2310; baseline -0.001 -44"><span class='ocrx_word' id='word_1_60' title='bbox 369 2175 624 2266; x_wconf 86' lang='lat' dir='ltr'>distabant.</span> <span class='ocrx_word' id='word_1_61' title='bbox 656 2176 868 2290; x_wconf 83' lang='lat' dir='ltr'>Aderant</span> <span class='ocrx_word' id='word_1_62' title='bbox 893 2179 944 2271; x_wconf 94' lang='lat' dir='ltr'>in</span> <span class='ocrx_word' id='word_1_63' title='bbox 968 2178 1225 2302; x_wconf 86' lang='lat' dir='ltr'>abdomine</span> <span class='ocrx_word' id='word_1_64' title='bbox 1250 2174 1575 2310; x_wconf 89' lang='lat' dir='ltr'>testiculorum</span> <span class='ocrx_word' id='word_1_65' title='bbox 1596 2176 1881 2300; x_wconf 89' lang='lat' dir='ltr'>rudimenta.</span> 
     </span>
     <span class='ocr_line' id='line_1_11' title="bbox 371 2331 1880 2461; baseline 0.002 -41"><span class='ocrx_word' id='word_1_66' title='bbox 371 2331 510 2422; x_wconf 92' lang='lat' dir='ltr'>Penis</span> <span class='ocrx_word' id='word_1_67' title='bbox 546 2353 644 2424; x_wconf 86' lang='lat' dir='ltr'>erat</span> <span class='ocrx_word' id='word_1_68' title='bbox 674 2334 993 2459; x_wconf 86' lang='lat' dir='ltr'>imperfectus,</span> <span class='ocrx_word' id='word_1_69' title='bbox 1029 2366 1221 2461; x_wconf 86' lang='lat' dir='ltr'>parvus,</span> <span class='ocrx_word' id='word_1_70' title='bbox 1260 2331 1320 2423; x_wconf 92' lang='lat' dir='ltr'>ad</span> <span class='ocrx_word' id='word_1_71' title='bbox 1352 2365 1488 2424; x_wconf 90' lang='lat' dir='ltr'>suam</span> <span class='ocrx_word' id='word_1_72' title='bbox 1522 2332 1724 2423; x_wconf 93' lang='lat' dir='ltr'>radicem</span> <span class='ocrx_word' id='word_1_73' title='bbox 1763 2333 1880 2423; x_wconf 91' lang='lat' dir='ltr'>ostio</span> 
     </span>
     <span class='ocr_line' id='line_1_12' title="bbox 370 2485 1881 2620; baseline -0.001 -41"><span class='ocrx_word' id='word_1_74' title='bbox 370 2485 573 2579; x_wconf 83' lang='lat' dir='ltr'>urethrae</span> <span class='ocrx_word' id='word_1_75' title='bbox 599 2511 827 2614; x_wconf 90' lang='lat' dir='ltr'>pertusus.</span> <span class='ocrx_word' id='word_1_76' title='bbox 870 2491 972 2581; x_wconf 90' lang='lat' dir='ltr'>Hoc</span> <span class='ocrx_word' id='word_1_77' title='bbox 1004 2489 1127 2617; x_wconf 84' lang='lat' dir='ltr'>plica</span> <span class='ocrx_word' id='word_1_78' title='bbox 1159 2510 1358 2620; x_wconf 84' lang='lat' dir='ltr'>cutanea</span> <span class='ocrx_word' id='word_1_79' title='bbox 1390 2510 1489 2580; x_wconf 89' lang='lat' dir='ltr'>erat</span> <span class='ocrx_word' id='word_1_80' title='bbox 1512 2487 1881 2599; x_wconf 89' lang='lat' dir='ltr'>circumdatum,</span> 
     </span>
     <span class='ocr_line' id='line_1_13' title="bbox 368 2629 1880 2768; baseline 0.001 -35"><span class='ocrx_word' id='word_1_81' title='bbox 368 2629 570 2766; x_wconf 41' lang='lat' dir='ltr'>quaeJad</span> <span class='ocrx_word' id='word_1_82' title='bbox 592 2666 775 2768; x_wconf 89' lang='lat' dir='ltr'>partem</span> <span class='ocrx_word' id='word_1_83' title='bbox 798 2646 1066 2760; x_wconf 88' lang='lat' dir='ltr'>inferiorem</span> <span class='ocrx_word' id='word_1_84' title='bbox 1087 2645 1247 2738; x_wconf 84' lang='lat' dir='ltr'>leviter</span> <span class='ocrx_word' id='word_1_85' title='bbox 1269 2642 1390 2759; x_wconf 87' lang='lat' dir='ltr'>fissa,</span> <span class='ocrx_word' id='word_1_86' title='bbox 1410 2643 1573 2767; x_wconf 89' lang='lat' dir='ltr'>aliquo</span> <span class='ocrx_word' id='word_1_87' title='bbox 1598 2645 1741 2736; x_wconf 93' lang='lat' dir='ltr'>modo</span> <span class='ocrx_word' id='word_1_88' title='bbox 1755 2642 1880 2736; x_wconf 92' lang='lat' dir='ltr'>labia</span> 
     </span>
     <span class='ocr_line' id='line_1_14' title="bbox 371 2797 1594 2930; baseline 0.002 -38"><span class='ocrx_word' id='word_1_89' title='bbox 371 2797 622 2892; x_wconf 90' lang='lat' dir='ltr'>muliebria</span> <span class='ocrx_word' id='word_1_90' title='bbox 653 2800 976 2895; x_wconf 67' lang='lat' dir='ltr'>aemulabatur.</span> <span class='ocrx_word' id='word_1_91' title='bbox 1020 2919 1024 2928; x_wconf 90' lang='lat'>.</span> <span class='ocrx_word' id='word_1_92' title='bbox 1189 2811 1192 2818; x_wconf 81' lang='grc'>’</span> <span class='ocrx_word' id='word_1_93' title='bbox 1560 2901 1594 2930; x_wconf 87' lang='lat'>.·</span> 
     </span>
    </p>

    <p class='ocr_par' dir='ltr' id='par_1_5' title="bbox 245 2954 1885 4654">
     <span class='ocr_line' id='line_1_15' title="bbox 442 2954 1882 3090; baseline 0.001 -45"><span class='ocrx_word' id='word_1_94' title='bbox 442 2961 482 3074; x_wconf 60' lang='lat' dir='ltr'>l.</span> <span class='ocrx_word' id='word_1_95' title='bbox 510 2983 589 3081; x_wconf 86' lang='lat'>7⁰·</span> <span class='ocrx_word' id='word_1_96' title='bbox 629 2958 818 3082; x_wconf 88' lang='lat' dir='ltr'>Reperit</span> <span class='ocrx_word' id='word_1_97' title='bbox 849 2959 933 3050; x_wconf 89' lang='lat' dir='ltr'>Dr.</span> <span class='ocrx_word' id='word_1_98' title='bbox 967 2955 1167 3090; x_wconf 80' lang='lat' dir='ltr'>Cayre¹,</span> <span class='ocrx_word' id='word_1_99' title='bbox 1191 2960 1242 3051; x_wconf 93' lang='lat' dir='ltr'>in</span> <span class='ocrx_word' id='word_1_100' title='bbox 1264 2989 1433 3050; x_wconf 88' lang='lat' dir='ltr'>novem</span> <span class='ocrx_word' id='word_1_101' title='bbox 1463 2956 1523 3048; x_wconf 94' lang='lat' dir='ltr'>ab</span> <span class='ocrx_word' id='word_1_102' title='bbox 1553 2954 1651 3080; x_wconf 92' lang='lat' dir='ltr'>ipso</span> <span class='ocrx_word' id='word_1_103' title='bbox 1680 2954 1882 3084; x_wconf 76' lang='lat' dir='ltr'>dissectis</span> 
     </span>
     <span class='ocr_line' id='line_1_16' title="bbox 368 3101 1883 3246; baseline 0 -43"><span class='ocrx_word' id='word_1_104' title='bbox 368 3101 670 3204; x_wconf 87' lang='lat' dir='ltr'>cadaveribus</span> <span class='ocrx_word' id='word_1_105' title='bbox 707 3105 1037 3232; x_wconf 87' lang='lat' dir='ltr'>idioticorum‚</span> <span class='ocrx_word' id='word_1_106' title='bbox 1075 3115 1258 3246; x_wconf 82' lang='lat' dir='ltr'>&#39;ganglia</span> <span class='ocrx_word' id='word_1_107' title='bbox 1298 3147 1512 3245; x_wconf 86' lang='lat' dir='ltr'>nervosa,</span> <span class='ocrx_word' id='word_1_108' title='bbox 1545 3143 1650 3234; x_wconf 81' lang='lat' dir='ltr'>quac</span> <span class='ocrx_word' id='word_1_109' title='bbox 1685 3109 1745 3202; x_wconf 90' lang='lat' dir='ltr'>ad</span> <span class='ocrx_word' id='word_1_110' title='bbox 1782 3141 1883 3203; x_wconf 88' lang='lat' dir='ltr'>ner-</span> 
     </span>
     <span class='ocr_line' id='line_1_17' title="bbox 348 3251 1881 3410; baseline -0.002 -48"><span class='ocrx_word' id='word_1_111' title='bbox 348 3300 484 3384; x_wconf 79' lang='lat' dir='ltr'>.vum</span> <span class='ocrx_word' id='word_1_112' title='bbox 511 3269 909 3396; x_wconf 80' lang='lat' dir='ltr'>sympatheticum</span> <span class='ocrx_word' id='word_1_113' title='bbox 930 3251 1197 3401; x_wconf 69' lang='lat' dir='ltr'>⁸pertinent,¹</span> <span class='ocrx_word' id='word_1_114' title='bbox 1222 3271 1483 3404; x_wconf 88' lang='lat' dir='ltr'>admodum</span> <span class='ocrx_word' id='word_1_115' title='bbox 1505 3266 1706 3381; x_wconf 85' lang='lat' dir='ltr'>exculta,</span> <span class='ocrx_word' id='word_1_116' title='bbox 1727 3299 1881 3410; x_wconf 88' lang='lat' dir='ltr'>quum</span> 
     </span>
     <span class='ocr_line' id='line_1_18' title="bbox 367 3415 1880 3557; baseline 0.001 -43"><span class='ocrx_word' id='word_1_117' title='bbox 367 3424 551 3553; x_wconf 81' lang='lat' dir='ltr'>ganglia</span> <span class='ocrx_word' id='word_1_118' title='bbox 584 3428 833 3520; x_wconf 89' lang='lat' dir='ltr'>cerebralia</span> <span class='ocrx_word' id='word_1_119' title='bbox 851 3419 1003 3553; x_wconf 68' lang='lat' dir='ltr'>¹atque</span> <span class='ocrx_word' id='word_1_120' title='bbox 1025 3415 1225 3557; x_wconf 89' lang='lat' dir='ltr'>spinalia</span> <span class='ocrx_word' id='word_1_121' title='bbox 1254 3429 1461 3521; x_wconf 87' lang='lat' dir='ltr'>marcida</span> <span class='ocrx_word' id='word_1_122' title='bbox 1486 3417 1635 3552; x_wconf 82' lang='lat' dir='ltr'>essent</span> <span class='ocrx_word' id='word_1_123' title='bbox 1670 3446 1718 3516; x_wconf 86' lang='lat' dir='ltr'>et</span> <span class='ocrx_word' id='word_1_124' title='bbox 1748 3424 1880 3546; x_wconf 90' lang='lat' dir='ltr'>quasi</span> 
     </span>
     <span class='ocr_line' id='line_1_19' title="bbox 370 3563 1881 3708; baseline -0.001 -35"><span class='ocrx_word' id='word_1_125' title='bbox 370 3581 624 3708; x_wconf 83' lang='lat' dir='ltr'>atrophica.</span> <span class='ocrx_word' id='word_1_126' title='bbox 674 3585 799 3676; x_wconf 90' lang='lat' dir='ltr'>Huic</span> <span class='ocrx_word' id='word_1_127' title='bbox 832 3588 1143 3680; x_wconf 85' lang='lat' dir='ltr'>observationi</span> <span class='ocrx_word' id='word_1_128' title='bbox 1184 3563 1380 3708; x_wconf 89' lang='lat' dir='ltr'>novum</span> <span class='ocrx_word' id='word_1_129' title='bbox 1404 3583 1549 3675; x_wconf 93' lang='lat' dir='ltr'>robur</span> <span class='ocrx_word' id='word_1_130' title='bbox 1582 3581 1769 3673; x_wconf 90' lang='lat' dir='ltr'>addunt</span> <span class='ocrx_word' id='word_1_131' title='bbox 1805 3613 1881 3696; x_wconf 86' lang='lat' dir='ltr'>ea,</span> 
     </span>
     <span class='ocr_line' id='line_1_20' title="bbox 372 3737 1881 3870; baseline 0 -41"><span class='ocrx_word' id='word_1_132' title='bbox 372 3771 477 3861; x_wconf 88' lang='lat' dir='ltr'>quae</span> <span class='ocrx_word' id='word_1_133' title='bbox 515 3739 609 3864; x_wconf 89' lang='lat' dir='ltr'>ipse</span> <span class='ocrx_word' id='word_1_134' title='bbox 636 3741 945 3866; x_wconf 63' lang='lat' dir='ltr'>deprehendi.v</span> <span class='ocrx_word' id='word_1_135' title='bbox 988 3745 1127 3858; x_wconf 82' lang='lat' dir='ltr'>Dixi,</span> <span class='ocrx_word' id='word_1_136' title='bbox 1156 3743 1207 3835; x_wconf 95' lang='lat' dir='ltr'>in</span> <span class='ocrx_word' id='word_1_137' title='bbox 1235 3737 1683 3870; x_wconf 82' lang='lat' dir='ltr'>praelationebujus</span> <span class='ocrx_word' id='word_1_138' title='bbox 1711 3739 1881 3863; x_wconf 89' lang='lat' dir='ltr'>operis,</span> 
     </span>
     <span class='ocr_line' id='line_1_21' title="bbox 373 3893 1883 4026; baseline 0.002 -42"><span class='ocrx_word' id='word_1_139' title='bbox 373 3894 696 4014; x_wconf 88' lang='lat' dir='ltr'>imbecillitate</span> <span class='ocrx_word' id='word_1_140' title='bbox 733 3899 907 4016; x_wconf 81' lang='lat' dir='ltr'>mentis</span> <span class='ocrx_word' id='word_1_141' title='bbox 944 3922 1214 4026; x_wconf 87' lang='lat' dir='ltr'>correptum</span> <span class='ocrx_word' id='word_1_142' title='bbox 1248 3899 1385 4018; x_wconf 84' lang='lat' dir='ltr'>fuisse</span> <span class='ocrx_word' id='word_1_143' title='bbox 1420 3895 1713 4022; x_wconf 80' lang='lat' dir='ltr'>subjectum,</span> <span class='ocrx_word' id='word_1_144' title='bbox 1747 3893 1883 4020; x_wconf 90' lang='lat' dir='ltr'>cujus</span> 
     </span>
     <span class='ocr_line' id='line_1_22' title="bbox 373 4031 1884 4174; baseline 0.001 -34"><span class='ocrx_word' id='word_1_145' title='bbox 373 4037 565 4142; x_wconf 89' lang='lat' dir='ltr'>cadaver</span> <span class='ocrx_word' id='word_1_146' title='bbox 590 4031 794 4174; x_wconf 80' lang='lat' dir='ltr'>maxime</span> <span class='ocrx_word' id='word_1_147' title='bbox 827 4054 1055 4148; x_wconf 90' lang='lat' dir='ltr'>idoneum</span> <span class='ocrx_word' id='word_1_148' title='bbox 1093 4056 1186 4148; x_wconf 88' lang='lat' dir='ltr'>suit</span> <span class='ocrx_word' id='word_1_149' title='bbox 1209 4058 1269 4147; x_wconf 90' lang='lat' dir='ltr'>ad</span> <span class='ocrx_word' id='word_1_150' title='bbox 1298 4053 1590 4146; x_wconf 85' lang='lat' dir='ltr'>dissecandos</span> <span class='ocrx_word' id='word_1_151' title='bbox 1624 4082 1787 4143; x_wconf 87' lang='lat' dir='ltr'>nervos</span> <span class='ocrx_word' id='word_1_152' title='bbox 1814 4049 1884 4164; x_wconf 93' lang='lat' dir='ltr'>in-</span> 
     </span>
     <span class='ocr_line' id='line_1_23' title="bbox 372 4206 1885 4344; baseline 0 -47"><span class='ocrx_word' id='word_1_153' title='bbox 372 4207 655 4325; x_wconf 82' lang='lat' dir='ltr'>tercostales‚</span> <span class='ocrx_word' id='word_1_154' title='bbox 682 4235 873 4338; x_wconf 89' lang='lat' dir='ltr'>propter</span> <span class='ocrx_word' id='word_1_155' title='bbox 894 4215 1153 4307; x_wconf 90' lang='lat' dir='ltr'>eorundem</span> <span class='ocrx_word' id='word_1_156' title='bbox 1182 4211 1513 4305; x_wconf 87' lang='lat' dir='ltr'>evolutionem.</span> <span class='ocrx_word' id='word_1_157' title='bbox 1554 4211 1611 4301; x_wconf 92' lang='lat' dir='ltr'>ln</span> <span class='ocrx_word' id='word_1_158' title='bbox 1629 4206 1726 4344; x_wconf 16' lang='lat' dir='ltr'>‘alio</span> <span class='ocrx_word' id='word_1_159' title='bbox 1755 4207 1885 4298; x_wconf 87' lang='lat' dir='ltr'>cada-</span> 
     </span>
     <span class='ocr_line' id='line_1_24' title="bbox 245 4352 1880 4500; baseline -0.001 -45"><span class='ocrx_word' id='word_1_160' title='bbox 245 4352 247 4361; x_wconf 39' lang='lat'><em>*</em></span> <span class='ocrx_word' id='word_1_161' title='bbox 372 4375 476 4455; x_wconf 84' lang='lat' dir='ltr'>vere</span> <span class='ocrx_word' id='word_1_162' title='bbox 511 4362 914 4488; x_wconf 86' lang='lat' dir='ltr'>hominisidiotae</span> <span class='ocrx_word' id='word_1_163' title='bbox 944 4369 1128 4500; x_wconf 88' lang='lat' dir='ltr'>ganglia</span> <span class='ocrx_word' id='word_1_164' title='bbox 1156 4369 1325 4490; x_wconf 14' lang='lat' dir='ltr'>,notavi</span> <span class='ocrx_word' id='word_1_165' title='bbox 1362 4366 1552 4492; x_wconf 86' lang='lat' dir='ltr'>insolita</span> <span class='ocrx_word' id='word_1_166' title='bbox 1596 4365 1662 4484; x_wconf 62' lang='lat' dir='ltr'>(l.</span> <span class='ocrx_word' id='word_1_167' title='bbox 1694 4363 1786 4489; x_wconf 77' lang='lat'>29)</span> <span class='ocrx_word' id='word_1_168' title='bbox 1830 4364 1880 4455; x_wconf 91' lang='lat' dir='ltr'>in</span> 
     </span>
     <span class='ocr_line' id='line_1_25' title="bbox 374 4521 1817 4654; baseline 0.012 -44"><span class='ocrx_word' id='word_1_169' title='bbox 374 4521 526 4612; x_wconf 85' lang='lat' dir='ltr'>nervis</span> <span class='ocrx_word' id='word_1_170' title='bbox 562 4521 879 4648; x_wconf 87' lang='lat' dir='ltr'>splanchnicis</span> <span class='ocrx_word' id='word_1_171' title='bbox 913 4528 1183 4654; x_wconf 89' lang='lat' dir='ltr'>majoribus.</span> <span class='ocrx_word' id='word_1_172' title='bbox 1814 4621 1817 4628; x_wconf 87' lang='lat'>.</span> 
     </span>
    </p>

    <p class='ocr_par' dir='ltr' id='par_1_6' title="bbox 372 4663 1883 5126">
     <span class='ocr_line' id='line_1_26' title="bbox 443 4663 1883 4814; baseline 0.001 -47"><span class='ocrx_word' id='word_1_173' title='bbox 443 4682 485 4795; x_wconf 58' lang='lat' dir='ltr'>l.</span> <span class='ocrx_word' id='word_1_174' title='bbox 511 4711 535 4803; x_wconf 86' lang='lat'>7</span> <span class='ocrx_word' id='word_1_175' title='bbox 552 4712 589 4768; x_wconf 92' lang='lat'>1.</span> <span class='ocrx_word' id='word_1_176' title='bbox 610 4681 666 4773; x_wconf 95' lang='lat' dir='ltr'>ln</span> <span class='ocrx_word' id='word_1_177' title='bbox 687 4703 925 4800; x_wconf 88' lang='lat' dir='ltr'>senectute</span> <span class='ocrx_word' id='word_1_178' title='bbox 940 4684 1121 4814; x_wconf 83' lang='lat' dir='ltr'>ganglia</span> <span class='ocrx_word' id='word_1_179' title='bbox 1140 4663 1369 4812; x_wconf 76' lang='lat' dir='ltr'>apparent</span> <span class='ocrx_word' id='word_1_180' title='bbox 1385 4680 1634 4809; x_wconf 86' lang='lat' dir='ltr'>pallidiora</span> <span class='ocrx_word' id='word_1_181' title='bbox 1655 4698 1702 4769; x_wconf 91' lang='lat' dir='ltr'>et</span> <span class='ocrx_word' id='word_1_182' title='bbox 1721 4677 1883 4810; x_wconf 85' lang='lat' dir='ltr'>minus</span> 
     </span>
     <span class='ocr_line' id='line_1_27' title="bbox 372 4834 1883 4967; baseline 0 -44"><span class='ocrx_word' id='word_1_183' title='bbox 372 4839 579 4948; x_wconf 85' lang='lat' dir='ltr'>succosa,</span> <span class='ocrx_word' id='word_1_184' title='bbox 617 4870 671 4929; x_wconf 89' lang='lat' dir='ltr'>ac</span> <span class='ocrx_word' id='word_1_185' title='bbox 704 4839 754 4929; x_wconf 92' lang='lat' dir='ltr'>in</span> <span class='ocrx_word' id='word_1_186' title='bbox 790 4862 922 4932; x_wconf 85' lang='lat' dir='ltr'>aetate</span> <span class='ocrx_word' id='word_1_187' title='bbox 953 4841 1165 4967; x_wconf 82' lang='lat' dir='ltr'>juvenili.</span> <span class='ocrx_word' id='word_1_188' title='bbox 1219 4842 1273 4933; x_wconf 91' lang='lat' dir='ltr'>ld</span> <span class='ocrx_word' id='word_1_189' title='bbox 1303 4838 1535 4932; x_wconf 90' lang='lat' dir='ltr'>observavi</span> <span class='ocrx_word' id='word_1_190' title='bbox 1575 4837 1626 4926; x_wconf 92' lang='lat' dir='ltr'>in</span> <span class='ocrx_word' id='word_1_191' title='bbox 1667 4834 1883 4925; x_wconf 85' lang='lat' dir='ltr'>cadavere</span> 
     </span>
     <span class='ocr_line' id='line_1_28' title="bbox 373 4988 1883 5126; baseline 0.004 -48"><span class='ocrx_word' id='word_1_192' title='bbox 373 4988 459 5106; x_wconf 76' lang='lat' dir='ltr'>viri</span> <span class='ocrx_word' id='word_1_193' title='bbox 485 4993 731 5124; x_wconf 88' lang='lat' dir='ltr'>octoginta</span> <span class='ocrx_word' id='word_1_194' title='bbox 768 5018 976 5126; x_wconf 85' lang='lat' dir='ltr'>quatuor</span> <span class='ocrx_word' id='word_1_195' title='bbox 1008 5030 1273 5112; x_wconf 88' lang='lat' dir='ltr'>annorum,</span> <span class='ocrx_word' id='word_1_196' title='bbox 1315 4998 1366 5090; x_wconf 92' lang='lat' dir='ltr'>in</span> <span class='ocrx_word' id='word_1_197' title='bbox 1400 5028 1496 5119; x_wconf 92' lang='lat' dir='ltr'>quo</span> <span class='ocrx_word' id='word_1_198' title='bbox 1540 4992 1683 5087; x_wconf 88' lang='lat' dir='ltr'>etiam</span> <span class='ocrx_word' id='word_1_199' title='bbox 1721 4990 1883 5084; x_wconf 90' lang='lat' dir='ltr'>minus</span> 
     </span>
    </p>
   </div>
   <div class='ocr_carea' id='block_1_5' title="bbox 425 5341 1410 5440">
    <p class='ocr_par' dir='ltr' id='par_1_7' title="bbox 425 5341 1410 5440">
     <span class='ocr_line' id='line_1_29' title="bbox 425 5341 1410 5440; baseline 0.013 -37"><span class='ocrx_word' id='word_1_200' title='bbox 425 5341 433 5369; x_wconf 89' lang='lat'><strong>¹</strong></span> <span class='ocrx_word' id='word_1_201' title='bbox 458 5341 629 5404; x_wconf 85' lang='lat' dir='ltr'>Nouveau</span> <span class='ocrx_word' id='word_1_202' title='bbox 649 5343 816 5408; x_wconf 85' lang='lat' dir='ltr'>Journal</span> <span class='ocrx_word' id='word_1_203' title='bbox 837 5350 880 5410; x_wconf 88' lang='lat' dir='ltr'>de</span> <span class='ocrx_word' id='word_1_204' title='bbox 903 5347 1097 5426; x_wconf 66' lang='lat' dir='ltr'>medecine5</span> <span class='ocrx_word' id='word_1_205' title='bbox 1120 5360 1144 5415; x_wconf 85' lang='lat' dir='ltr'>t.</span> <span class='ocrx_word' id='word_1_206' title='bbox 1168 5373 1208 5440; x_wconf 74' lang='lat'>4,</span> <span class='ocrx_word' id='word_1_207' title='bbox 1223 5375 1261 5437; x_wconf 85' lang='lat' dir='ltr'>p.</span> <span class='ocrx_word' id='word_1_208' title='bbox 1280 5370 1334 5434; x_wconf 77' lang='grc' dir='ltr'>4ο.</span> <span class='ocrx_word' id='word_1_209' title='bbox 1408 5361 1410 5367; x_wconf 81' lang='grc'>’</span> 
     </span>
    </p>
   </div>
   <div class='ocr_carea' id='block_1_6' title="bbox 0 0 2544 6806">
    <p class='ocr_par' dir='ltr' id='par_1_8' title="bbox 0 0 2544 6806">
     <span class='ocr_line' id='line_1_30' title="bbox 0 0 2544 6806; baseline 0 0"><span class='ocrx_word' id='word_1_210' title='bbox 0 0 2544 6806; x_wconf 95' lang='lat' dir='ltr'> </span> 
     </span>
    </p>
   </div>
  </div>
 </body>
</html>
