5076 6816
1039 675 1133 776 115

330 909 588 1023 contrario,
603 925 778 1002 certam
797 923 941 1026 atque
960 895 1208 995 definitam
1222 896 1593 1030 vicissitudinem
1610 897 1836 991 tribuunt

331 1065 620 1179 actionibus,
642 1093 748 1188 quae
770 1061 831 1154 ad
859 1055 1118 1188 systematis
1139 1053 1318 1148 nervosi
1343 1051 1569 1181 cephalici
1593 1054 1837 1180 pertinent

330 1221 571 1350 sphaeram.
1396 1230 1400 1238 '

405 1375 550 1495 Quod
568 1373 817 1468 discrimen
836 1400 982 1493 quam
997 1387 1119 1459 recte
1130 1363 1396 1458 stabilitum
1412 1365 1491 1480 sit,
1505 1365 1726 1490 equidem
1739 1397 1835 1460 nes

334 1535 418 1630 cio.
441 1531 491 1628 Si
511 1529 643 1625 enim
662 1559 823 1622 sensus
839 1523 1038 1636 externi,
1052 1520 1251 1649 fatigati,
1265 1520 1361 1613 vim
1377 1521 1842 1647 perditam-durante-

333 1720 501 1784 somno
540 1702 847 1812 recuperant,
879 1701 927 1773 et
959 1680 1019 1770 ad
1052 1677 1311 1804 pristinum
1352 1677 1552 1769 redeunt
1585 1676 1838 1770 alacritatis

333 1845 556 1974 gradum;
577 1841 702 1938 idem
721 1836 913 1930 valetde
930 1833 1113 1961 organis
1133 1832 1349 1946 internis,
1363 1831 1622 1926 voluntatis
1640 1832 1836 1959 imperio
1883 1873 1887 1888 ·

334 1995 589 2094 subductis.
617 1990 922 2088 Ventriculus
949 1989 1080 2080 haud
1116 1986 1348 2080 continuo
1372 2007 1420 2080 et
1440 2019 1543 2080 non
1571 1989 1839 2116 interrupto

335 2179 498 2252 tenore
524 2153 686 2244 cibum
713 2177 912 2272 coquere
939 2143 1061 2238 valet
1075 2182 1088 2253 ;
1119 2143 1198 2235 sed
1227 2143 1386 2265 quiete
1408 2144 1495 2269 ipsi
1520 2177 1639 2270 opus
1660 2166 1728 2240 est
1758 2178 1839 2239 an.

336 2334 531 2434 tequam
564 2307 623 2399 ad
647 2336 820 2397 novam
846 2302 1082 2397 actionem
1109 2298 1331 2426 rapiatur.
1372 2300 1537 2394 Fames
1564 2301 1659 2429 ipsa
1685 2333 1785 2395 non
1814 2335 1839 2396 e

337 2466 569 2560 vacuitate
586 2459 682 2556 sola
694 2458 923 2552 stomachi
939 2456 1137 2582 pendet3
1158 2456 1236 2548 sed
1253 2487 1413 2548 sensus
1429 2476 1495 2548 est
1511 2456 1737 2584 ingratus,
1754 2457 1836 2580 qui

337 2621 581 2748 saepissime
601 2637 725 2708 certo
741 2637 885 2739 atque
906 2606 1103 2704 definito
1123 2631 1333 2737 tempore
1351 2610 1482 2704 redit.
1516 2611 1651 2708 Sicut
1668 2644 1840 2741 organa

337 2807 563 2873 sensuum
593 2766 811 2880 educari,
839 2801 893 2860 ac
921 2765 1030 2894 plus
1052 2765 1267 2859 minusve
1297 2766 1426 2858 reddi
1454 2791 1653 2892 possunt
1674 2768 1843 2895 perfec-

339 2935 487 3028 tiora:
507 2930 638 3024 sicet
663 2923 972 3040 ventriculus,
992 2954 1077 3049 per
1095 2899 1282 3016 diaetam
1303 2945 1351 3016 et
1371 2923 1575 3050 regimen
1597 2924 1702 3017 vitae
1721 2925 1844 3017 bene

341 3089 639 3198 ordinatum,
664 3082 935 3195 roboratur,
959 3100 1006 3172 et
1030 3078 1098 3171 vis
1117 3077 1326 3203 ejusdem
1353 3078 1569 3206 digestiva
1591 3080 1843 3174 extollitur.

362 3286 366 3294 ·
412 3245 633 3350 Praeterea
665 3235 908 3366 temperies
941 3229 1103 3326 vitalis
1129 3265 1413 3361 organorum
1440 3236 1745 3362 gastricorum
1785 3237 1846 3330 ad

343 3420 486 3494 certas
513 3383 731 3490 adstricta
760 3424 852 3484 esse
877 3389 1487 3529 videturperiodosgadeo,
1518 3413 1574 3485 ut
1596 3391 1731 3485 aliter
1754 3423 1848 3488 sese

343 3551 611 3647 manifestet
636 3549 687 3640 in
707 3579 807 3639 uno
839 3543 1109 3659 momento,
1137 3544 1273 3634 aliter
1301 3544 1352 3637 in
1383 3544 1541 3640 altero.
1571 3547 1650 3641 Sic
1675 3558 1846 3675 magna

342 3707 600 3801 hominum
619 3703 752 3829 copia
776 3701 892 3793 serra
911 3720 1159 3823 nequeunt
1178 3699 1403 3792 alimenta
1426 3704 1598 3830 vesperi
1619 3727 1844 3818 comesta,

344 3896 449 3991 quae
477 3862 653 3984 absque
680 3857 984 3949 incommodo
1012 3855 1207 3949 meridie
1238 3857 1448 3981 capiunt.

416 4021 485 4111 Ex
514 4015 657 4108 altera
692 4035 846 4140 parte,
875 4011 1156 4105 intermissio
1184 4012 1385 4138 perfecta
1419 4013 1726 4108 functionum
1761 4047 1849 4107 nu·

345 4174 594 4269 trientium
617 4167 926 4263 animadverti
952 4187 1105 4294 potest
1126 4201 1210 4294 per
1232 4155 1443 4263 notabile
1461 4191 1670 4296 tempus,
1697 4171 1750 4264 in
1775 4204 1848 4263 va·

347 4333 427 4438 riis
447 4331 551 4424 vitae
580 4328 752 4423 stadiis.
792 4325 946 4420 Silent
974 4326 1025 4416 in
1054 4325 1169 4418 foetu
1198 4326 1366 4418 viscera
1394 4327 1653 4454 digestioni·
1670 4329 1846 4438 dicata3
1925 4361 1928 4371 ’

347 4489 598 4613 quieseunt
623 4515 778 4592 renes;
806 4481 998 4574 nullum
1026 4503 1337 4608 augmentum
1363 4484 1560 4610 capiunt
1582 4482 1850 4578 nec-evolu-

347 4644 530 4738 tionem
553 4640 703 4736 ullam
723 4669 893 4766 organa
912 4637 1199 4767 generationi
1222 4637 1530 4756 inservientia.
1569 4640 1706 4737 Nervi
1729 4672 1850 4767 sper.

349 4799 509 4894 matici
534 4819 581 4891 et
607 4795 737 4890 nervi
767 4794 967 4908 uterini,
1002 4793 1390 4922 esympathetico
1417 4755 1630 4913 deducti,
1662 4797 1847 4892 nullam

349 4954 446 5048 vim
488 4950 779 5077 acquisivisse
813 4951 1036 5042 videntur
1069 4981 1153 5076 per
1187 4947 1402 5075 plurium
1437 4983 1676 5048 annorum
1710 4954 1850 5047 inter·

350 5108 547 5206 vallum.
573 5106 810 5202 Periodiee
831 5103 882 5197 in
903 5104 1289 5229 quadrupedibus
1312 5106 1432 5198 redit
1447 5130 1580 5203 aestus
1602 5113 1847 5226 venereus,

352 5267 567 5393 quamvis
598 5288 780 5382 uterus,
804 5263 979 5380 avaria,
1009 5282 1165 5378 testes,
1197 5283 1302 5380 eto,
1332 5262 1530 5358 istorum
1565 5266 1849 5361 animalium
