5076 6816
1050 642 1157 775 „95

376 861 546 977 hcndi,
572 865 701 987 quod
730 896 828 958 rem
852 867 1095 988 quaesitam
1118 861 1399 964 confirmare
1420 868 1659 992 potuisset.
1690 866 1884 960 Armati

375 1019 428 1110 in
461 1020 558 1112 istis
589 1021 976 1147 quadrupedibus
1007 1053 1206 1127 nervum
1234 1021 1578 1121 intercostalem
1612 1023 1664 1115 in
1697 1021 1882 1114 cervicis

335 1175 560 1302 “regione
596 1203 738 1268 nervo
774 1209 886 1304 vago
920 1177 1391 1302 junctum;.·excitavi
1435 1178 1742 1292 deindecor‚
1774 1209 1882 1270 vent

374 1330 626 1445 tricolum,
648 1332 872 1424 intestina
890 1370 902 1424 a
922 1364 1077 1455 neque
1098 1331 1225 1424 ullus
1249 1332 1300 1424 in
1321 1332 1418 1424 istis
1440 1336 1622 1461 organis
1641 1334 1881 1426 insecutus

240 1607 243 1614 Ι
374 1508 442 1578 est
463 1507 633 1578 motus.
668 1487 765 1579 Cor
790 1519 838 1582 se
857 1487 1134 1580 contraxisse
1157 1487 1322 1600 fateor,
1343 1488 1422 1580 sed
1438 1510 1607 1613 sponte
1631 1509 1679 1580 et
1702 1487 1880 1610 absque

374 1642 671 1736 irritamento
699 1644 850 1736 nervis
873 1642 1097 1769 applicito
1108 1682 1126 1751 3·
1146 1665 1385 1740 contracta
1407 1645 1723 1736 cernebantur
1740 1667 1880 1736 motu

372 1796 656 1923 peristaltico
698 1799 947 1912 intestina,
997 1799 1077 1890 sed
1113 1797 1173 1892 ab
1212 1797 1328 1894 aeris
1367 1821 1701 1914 contactu,et
1725 1797 1879 1893 nullo

373 1931 517 2046 modo
550 1955 611 2044 ab
629 1975 809 2082 ssagente
841 1954 1083 2082 galvanico
1116 1955 1267 2047 nervis
1300 1954 1505 2047 admoto.

445 2109 669 2237 Contigit·
695 2109 815 2236 mihi
860 2145 963 2203 rara
998 2111 1187 2203 occasio
1214 2111 1519 2236 experimenti
1563 2109 1779 2236 capiendi
1824 2111 1877 2204 in

372 2263 489 2356 soetu
513 2263 753 2380 humano,
779 2267 1151 2393 durantepertu
1179 2265 1429 2382 laborioso,
1455 2299 1480 2356 e
1509 2267 1653 2360 fracta
1679 2265 1877 2358 calvaria

259 2501 263 2514 .
371 2441 515 2542 atque
545 2420 699 2545 elapso
727 2422 914 2514 cerebro
940 2445 1118 2514 enecto.
1161 2397 1409 2514 Micabant
1438 2422 1665 2538 musculi,
1700 2444 1879 2515 contre·

371 2573 737 2692 miscebat-cor,
770 2578 983 2706 rigebant
1016 2577 1262 2690 intestina,
1296 2611 1350 2670 ex
1387 2576 1498 2669 solo·
1516 2579 1633 2670 aeris
1669 2600 1875 2688 attactu,

369 2730 448 2820 sed
481 2763 649 2858 nervus
682 2733 1056 2861 sympatheticus.
1085 2753 1318 2846 armatus,
1354 2754 1401 2825 et
1435 2755 1599 2825 catena
1636 2733 1874 2860 galvanica

370 2883 529 2978 debito
567 2885 707 2980 more*
733 2889 911 3006 clausa,
946 2889 1140 2983 nullum
1175 2889 1525 3014 pbaenomenon
1565 2889 1781 2982 excitavit
1822 2890 1874 2983 in

369 3042 553 3169 organis
574 3076 679 3167 quae
697 3079 752 3137 ex
769 3079 853 3139 sua
877 3068 1113 3140 structura
1132 3067 1322 3138 motum
1343 3047 1475 3138 edere
1493 3047 1713 3171 possunt,
1733 3046 1875 3162 dum,

369 3229 396 3288 e
427 3201 688 3317 contrario,
717 3204 846 3294 nervi
870 3201 1119 3295 cerebrales
1145 3200 1315 3297 irritati
1346 3200 1520 3293 vividas
1547 3201 1875 3328 produxerunt

369 3353 698 3450 musculorum
732 3359 1086 3451 contractiones.

376 3553 380 3563 ¹
440 3510 603 3606 Nescio
640 3545 703 3604 an
747 3515 799 3608 in
839 3515 937 3607 istis
972 3511 1300 3640 experimentis
1338 3509 1691 3602 irritamentum
1727 3511 1874 3640 galva-

369 3664 537 3758 nicum
573 3665 764 3763 effectus
807 3671 1004 3763 ediderit
1040 3669 1092 3760 in
1126 3697 1288 3760 nervos
1309 3663 1671 3780 abdominales,
1713 3689 1873 3789 quate·
1980 3703 1992 3720 ¹

370 3852 462 3914 nus
494 3825 759 3917 secretionis
792 3826 979 3952 negotio
1011 3820 1357 3950 praeficiuntur,
1390 3821 1567 3946 quippe
1595 3853 1702 3944 quae
1725 3823 1870 3938 actio,

367 3975 546 4070 sivero
586 3980 740 4096 adest,
784 3979 920 4072 nullo
958 4012 1054 4073 sese
1096 3977 1244 4082 trahit
1287 3977 1430 4069 modo
1477 3976 1698 4070 sensibus.
1728 3979 1872 4104 perci-

366 4130 553 4255 piendo.

438 4289 632 4383 Lubens
662 4269 838 4394 interea
870 4291 1098 4404 concedo,
1138 4322 1216 4392 me
1254 4317 1354 4392 non
1386 4286 1585 4390 eandem
1619 4288 1671 4390 in
1700 4291 1871 4414 experi-

368 4446 541 4534 mentis
571 4444 894 4576 physiologicis
922 4467 1186 4540 assecutum
1216 4477 1306 4538 esse
1336 4443 1684 4558 dexteritatem,
1721 4475 1869 4566 quam

367 4597 419 4688 in
448 4600 675 4723 praeclaris
700 4604 809 4696 viris
836 4603 1152 4711 admirantum
1187 4621 1235 4693 et
1261 4599 1464 4731 ingenue
1489 4597 1660 4712 fateor,
1691 4630 1769 4690 me
1798 4633 1870 4693 eo

366 4785 480 4846 rum·
499 4754 900 4852 observationibus
927 4758 1154 4885 majorem
1178 4753 1324 4849 fidem
1347 4753 1550 4847 tribuere
1577 4785 1724 4876 quam
1753 4755 1868 4848 meis

365 4909 576 5034 propriis.
603 4913 798 5007 tamdiu
828 4948 981 5008 revera
1006 4915 1181 5024 adsunt
1206 4911 1522 5037 experimenta
1551 4943 1577 4998 a
1605 4909 1868 5004 clarissimis

366 5062 558 5156 medicis
578 5093 737 5194 capta,
762 5103 866 5194 quae
888 5102 1142 5162 nervorum
1167 5070 1220 5159 in
1243 5100 1322 5158 cor
1343 5063 1571 5190 evincunt
1598 5065 1866 5190 imperium.

372 5213 559 5332 Willis,
600 5225 734 5352 cujus
763 5227 1104 5321 observationes
1143 5220 1440 5353 praecaeteris
1477 5221 1717 5338 eminent,
1762 5244 1869 5351 post
1967 5225 1968 5228 ‘
