5076 6816
1396 699 1492 818 14⁸

691 912 785 1025 vit,
821 931 876 1003 ut
906 943 990 1038 per
1017 931 1109 1005 tres
1136 942 1316 1006 menses
1344 913 1506 1005 omnia
1539 910 1804 1006 ventriculo
1831 911 2017 1040 ingesta
2036 912 2198 1005 statim

692 1065 896 1190 ejiceret;
931 1088 1006 1180 ct,
1042 1067 1257 1188 quamvis
1287 1068 1448 1159 omnia
1477 1067 1655 1159 suerint
1684 1087 1887 1181 tentata,
1920 1098 2024 1189 quae
2055 1067 2201 1158 vomi-

691 1242 799 1313 tum
833 1219 1047 1314 inbibere
1070 1221 1327 1346 debebant,
1353 1245 1452 1314 tam
1473 1224 1604 1315 intus
1631 1222 1845 1314 adhibita
1859 1291 1872 1337 ,
1901 1255 2047 1345 quam
2068 1244 2200 1314 extus

693 1375 945 1502 applicata,
978 1399 1141 1470 tamen
1175 1377 1356 1470 ultimis
1385 1378 1488 1471 vitae
1518 1377 1792 1503 septimanis
1820 1409 1906 1470 nec
1936 1409 2069 1500 aquae
2097 1379 2199 1500 qui-

692 1531 802 1623 dem
837 1553 970 1658 gutta
1001 1532 1226 1660 deglutita
1264 1533 1315 1625 in
1344 1532 1586 1624 stomacho
1624 1532 1859 1624 remansit.
1912 1531 1956 1624 Α
1986 1533 2200 1654 frequen-

611 1721 613 1725 ·
691 1686 880 1778 tissimis
910 1687 1168 1780 vomitibus
1199 1689 1352 1780 fauces
1393 1710 1538 1810 atquc
1575 1690 1666 1779 oris
1702 1687 1950 1801 interiora,
1983 1689 2197 1814 primum

693 1840 1015 1957 inflammata,
1035 1843 1205 1935 deinde
1222 1843 1437 1970 sphacelo
1455 1865 1693 1970 corrupta,
1711 1842 2058 1934 foetidissimum
2077 1875 2200 1969 spar-

689 1997 863 2124 gebant
881 2000 1096 2109 odorem;
1121 2001 1252 2127 digiti
1275 1999 1384 2125 ipsi,
1405 2032 1523 2123 quos
1545 2019 1710 2125 aegrota
1735 1998 1804 2089 ori
1838 2029 2199 2121 nonnunquam

692 2145 1004 2267 immittebat,
1039 2187 1066 2244 a
1105 2153 1234 2246 sanie
1270 2155 1460 2279 putrida
1501 2155 1697 2246 fuerunt
1735 2153 1864 2245 erosi.
1917 2153 2197 2281 Symptoma

690 2339 798 2400 vero
825 2309 1047 2401 omnium
1072 2309 1454 2402 molestissimum
1489 2309 1624 2402 dolor
1649 2330 1748 2401 erat
1774 2341 1916 2400 urens
1939 2309 1998 2399 ad
2022 2308 2198 2401 colum-

692 2493 807 2554 nam
827 2463 1152 2580 vertebralem,
1171 2496 1223 2556 ac
1242 2466 1294 2556 in
1317 2465 1424 2558 imis
1437 2465 1584 2558 dextri
1600 2463 1946 2591 hypocbondrii
1963 2463 2196 2589 partibus,

691 2618 776 2738 qui
823 2651 991 2744 corpus
1036 2620 1164 2712 vario
1202 2619 1346 2711 modo
1386 2619 1669 2743 torquebat,
1720 2639 1876 2740 atque·
1905 2618 2197 2743 jactitatione

688 2793 934 2896 perpetua,
962 2775 1037 2866 die
1064 2781 1301 2898 nocteque
1324 2798 1579 2901 protracta,
1602 2775 1719 2866 vires
1746 2773 2062 2866 exhauriebat.
2101 2775 2196 2870 Nec

690 2925 783 3018 alio
810 2929 964 3020 modo·
980 2928 1210 3022 sublevari
1235 2930 1576 3056 aliquantisper
1601 2950 1785 3057 poterat
1808 2930 1894 3021 iste
1923 2927 2080 3040 dolor,
2105 2929 2194 3021 nisi

595 3201 596 3206 Ν
689 3114 776 3216 per
803 3082 1039 3176 frictiones
1066 3085 1226 3200 siccas,
1258 3086 1415 3213 primo
1451 3118 1649 3199 manus,
1678 3107 1835 3212 postea
1867 3082 2076 3211 peniculi
2109 3116 2229 3210 ope

689 3239 928 3352 exercitas,
965 3271 1070 3363 quae
1100 3264 1260 3334 autem
1298 3240 1479 3334 ultimis
1519 3240 1811 3367 temporibus
1843 3240 1959 3331 adeo
1993 3241 2196 3366 repetitae

689 3393 905 3508 fuerunt,
925 3415 980 3487 ut
1003 3417 1099 3490 tota
1117 3397 1238 3489 cutis
1257 3395 1835 3509 excoriaretur..Tandem,
1852 3393 1942 3488 sub
1967 3395 2193 3486 teterrimi

689 3550 911 3642 marasmi
941 3550 1357 3680 symptomatibus,
1385 3552 1600 3643 animam
1628 3549 1799 3644 efflavit
1823 3550 2100 3644 miseranda.

760 3681 961 3799 Summa
982 3739 1093 3800 cum
1110 3741 1221 3802 cura
1240 3708 1432 3802 cadaver
1446 3708 1609 3838 aperui
1627 3707 1938 3837 quadraginta
1962 3726 2067 3798 octo
2088 3727 2195 3832 post

688 3883 892 3954 mortem
923 3862 1073 3958 horas.
1244 3871 1247 3878 ’

762 4018 995 4113 Granium
1019 4019 1144 4145 justo
1168 4020 1330 4115 minus
1348 4021 1468 4115 mihi
1496 4023 1739 4150 apparuit,
1770 4019 1985 4145 quamvis
2014 4017 2191 4146 ingenii

679 4172 879 4268 ,dotiBus
900 4206 1000 4268 non
1027 4198 1200 4269 careret
1221 4178 1487 4272 calamina.
1522 4178 1720 4274 Sublata
1748 4176 1964 4290 calvaria,
1990 4172 2060 4268 nil
2084 4205 2194 4301 prae-

688 4328 976 4421 ternaturale
1009 4332 1166 4457 reperi
1187 4332 1240 4424 in
1269 4334 1477 4450 cerebro,
1511 4335 1641 4458 quod
1673 4365 1863 4426 summo
1894 4363 2005 4424 cum
2033 4331 2193 4423 studio

688 4485 972 4601 examinavi,
995 4509 1264 4612 propterea,
1296 4489 1409 4612 quia
1438 4523 1523 4617 per
1547 4512 1700 4610 totam
1731 4491 1824 4581 fere
1852 4488 1998 4581 vitam
2029 4484 2090 4578 ab
2123 4485 2194 4578 in-

687 4636 891 4732 sultibus
929 4641 1166 4768 cephalae
1199 4645 1454 4773 occipitalis
1487 4649 1551 4738 ita
1580 4668 1680 4739 crat
1709 4665 1870 4738 vexata
1908 4641 2102 4756 mulier,
2135 4663 2192 4735 ut

690 4794 914 4888 immanis
937 4796 1073 4891 dolor
1100 4831 1199 4894 non
1230 4803 1320 4896 nisi
1348 4803 1647 4918 continuata,
1672 4831 1910 4894 manuum
1931 4831 2036 4926 ope,
2072 4829 2193 4924 pres-

687 4948 820 5044 sione
845 4973 1055 5069 externa,
1085 4986 1169 5081 per
1191 4957 1417 5053 horarum
1447 4961 1654 5086 spatium
1679 4977 1938 5085 protracta,
1969 4954 2193 5080 adjuvan·

690 5105 818 5200 tibus
849 5106 1107 5233 majoribus
1138 5113 1243 5238 opii.
1263 5113 1477 5230 dosibus,
1507 5113 1836 5210 sublevaretur.

701 5340 705 5349 .
762 5263 858 5360 Nec
888 5264 1046 5364 delirii
1066 5265 1275 5361 chronici
1301 5302 1489 5364 causam
1527 5271 1813 5399 organicam,
1850 5265 1981 5391 quod
2007 5297 2091 5394 per
2119 5282 2199 5358 sat
